2183 2514
976 234 1223 269 —19—

236 338 305 361 cum
325 329 475 362 Diomede
503 328 658 361 consentit
684 329 725 360 M.
747 316 866 360 Plotius
884 329 1052 368 Sacerdos,
1083 330 1121 360 de
1143 338 1203 369 quo
1225 329 1318 369 paulo
1339 332 1412 368 post
1440 329 1530 369 plura
1559 328 1756 360 disseremus.
1798 332 1964 369 praeterea

214 430 217 432 μ
237 386 278 418 ad
298 387 423 419 tertium
444 389 601 418 auctorem
622 395 661 418 ea
680 386 826 418 videntur
845 386 1008 418 referenda
1028 395 1114 425 esse,
1143 396 1222 426 quae
1243 388 1282 418 de
1303 395 1461 426 paragoge
1482 386 1632 425 exposuit.
1674 395 1745 418 nam
1774 396 1842 418 cum
1871 396 1962 427 para-

236 452 316 484 goge
329 444 412 475 idem
427 443 469 475 sit
483 444 705 483 metaplasmus
720 452 757 475 ac
770 444 1029 483 prosparalepsis,
1050 444 1216 475 Diomedes
1238 453 1310 475 vero
1333 445 1371 475 de
1392 444 1440 475 his
1463 444 1641 483 separatim,
1660 444 1791 483 primum
1814 445 1852 475 de
1873 454 1961 484 pros—

236 500 401 540 paralepsi,
423 500 534 533 deinde
555 501 594 532 de
615 510 780 540 paragoge,
801 501 890 541 quasi
911 501 973 533 sint
990 502 1113 540 diversi,
1135 502 1280 541 disputet,
1302 501 1393 533 unius
1409 501 1604 541 metaplasmi
1619 501 1772 541 duplicem
1789 511 1826 532 ex
1841 502 1961 533 duobus

236 557 373 589 fontibus
403 558 534 589 diversis
561 558 704 589 iteratam
730 558 937 589 definitionem
967 559 1172 598 agnoscimus.
1215 559 1358 597 quoniam
1388 561 1490 589 autem
1519 559 1795 597 prosparalepseos
1825 559 1962 590 definitio

236 614 325 646 fluxit
346 624 363 645 e
384 615 516 647 Charisii
536 615 622 647 fonte
643 617 675 646 et
695 615 833 647 definitio
854 624 1027 655 paragoges
1050 625 1117 646 cum
1139 616 1261 647 Donato
1282 625 1403 655 quoque
1424 625 1485 646 non
1508 616 1738 656 consentit³⁸)‚
1769 616 1847 647 haec
1868 617 1960 647 tertio

236 665 422 704 vindicanda
443 676 493 703 est
515 673 632 704 auctori
661 673 736 712 (nisi
757 673 978 712 interpolatori.
1008 673 1044 704 cf.
1066 673 1157 704 Keilii
1179 673 1283 704 adnot.
1306 673 1371 704 crit.
1393 673 1433 703 ad
1454 672 1594 704 Diomed.
1616 682 1645 712 p.
1660 674 1731 712 440,
1746 673 1811 714 30).
1833 691 1873 696 -
1902 674 1961 705 De·

236 728 390 762 finitiones
418 729 514 770 igitur
540 730 727 770 singulorum
748 731 1020 770 metaplasmorum
1043 740 1062 762 a
1084 731 1231 762 Diomede
1253 730 1331 762 alias
1353 731 1491 770 integras
1514 739 1551 761 ex
1573 730 1705 762 Charisii
1727 734 1854 763 auctore
1876 734 1960 763 tran-

237 787 369 828 scriptas
391 796 470 826 esse,
491 787 569 819 alias
592 788 709 819 auctori
730 788 834 819 deberi
850 788 972 828 Donati,
993 789 1098 828 plures
1121 798 1156 819 ex
1178 789 1338 828 utriusque
1360 787 1588 819 definitionibus
1611 789 1797 828 compositas
1819 790 1869 821 vel
1891 798 1961 821 con-

236 846 415 884 taminatas,
445 846 523 877 duas
545 846 676 885 denique
698 855 735 876 ex
756 846 846 877 tertio
867 847 1000 885 quodam
1021 849 1145 877 auctore
1167 849 1307 885 sumptas
1338 855 1408 876 esse
1429 845 1570 876 vidimus.
1614 846 1674 876 iam
1697 847 1852 886 exempla,
1882 857 1961 886 quae

236 902 366 942 singulis
389 902 617 934 definitionibus
640 903 801 934 subiuncta
822 903 980 943 hucusque
1001 903 1199 943 negleximus,
1222 903 1437 934 examinemus.

358 961 459 1000 Atque
481 960 622 999 exempla
642 969 762 1000 quoque
784 969 803 992 a
824 961 971 992 Diomede
993 961 1102 999 allata,
1131 961 1211 992 sicut
1233 960 1442 999 definitiones,
1471 960 1585 999 partim
1607 961 1690 1000 apud
1713 961 1886 993 Charisium
1899 964 1959 1002 ³⁹),

234 1017 347 1057 partim
368 1018 451 1057 apud
472 1018 627 1049 Donatum
638 1019 689 1058 ⁴³⁰)
710 1018 850 1056 redeunt,
871 1018 933 1049 alia
953 1027 1021 1049 cum
1043 1021 1172 1057 utroque
1194 1022 1266 1049 sunt
1289 1018 1460 1049 communia
1482 1017 1533 1057 (cf.
1556 1019 1626 1049 adn.
1640 1019 1711 1058 33),
1733 1019 1853 1059 reliqua
1874 1021 1958 1059 apud

234 1077 377 1107 neutrum
397 1075 662 1114 inveniunturss).
705 1075 846 1114 quoniam
868 1075 962 1115 igitur
982 1076 1065 1107 haud
1087 1085 1186 1114 pauca
1207 1075 1347 1114 exempla
1365 1075 1505 1107 Diomedi
1526 1077 1698 1108 communia
1720 1080 1793 1108 sunt
1814 1081 1870 1109 aut
1891 1087 1959 1109 cum

235 1133 289 1165 Ch.
311 1135 365 1164 aut
385 1141 454 1164 cum
475 1133 612 1171 Donato,
640 1132 779 1164 firmatur
806 1133 962 1164 sententia
990 1142 1058 1164 eum
1087 1133 1194 1164 horum
1217 1133 1484 1172 grammaticorum
1505 1133 1642 1164 fontibus
1664 1143 1754 1165 usum
1777 1143 1847 1166 esse
1869 1144 1959 1175 sepa-

233 1191 319 1222 ratis.
362 1193 393 1221 et
413 1191 482 1229 pari
502 1191 592 1221 modo
615 1199 669 1221 sex
690 1191 752 1221 illis
775 1191 932 1229 exemplis,
953 1199 1032 1229 quae
1050 1191 1132 1229 apud
1149 1191 1201 1221 Ch.
1218 1194 1249 1221 et
1266 1191 1302 1221 D.
1316 1191 1434 1221 frustra
1450 1200 1596 1229 quaeres,
1618 1192 1754 1230 suspicio
1776 1193 1957 1224 Diomedem

234 1246 327 1278 etiam
349 1255 387 1277 ex
407 1247 499 1278 tertio
528 1247 661 1286 quodam
689 1247 767 1278 libro
795 1247 938 1279 hausisse
966 1256 1027 1279 non
1055 1246 1235 1278 infirmatur.
1278 1247 1359 1286 quod
1382 1247 1514 1287 denique
1536 1248 1670 1288 quinque
1693 1251 1725 1279 et
1746 1249 1829 1288 apud
1852 1249 1905 1281 Ch.
1928 1253 1959 1282 et

234 1305 318 1344 apud
339 1305 418 1336 Don.
439 1305 599 1343 iterantur,
620 1305 679 1336 hoc
699 1308 731 1336 te
751 1314 813 1336 non
833 1304 960 1336 habebit
981 1302 1100 1343 mirum,
1122 1305 1149 1335 si
1171 1305 1345 1336 memineris
1366 1305 1399 1335 id
1423 1307 1505 1344 quod
1527 1315 1623 1344 supra
1643 1316 1673 1345 p.
1691 1307 1727 1337 17
1752 1309 1791 1338 de
1811 1309 1957 1346 primario

233 1361 319 1393 fonte
340 1361 492 1393 communi
514 1361 654 1392 diximus.

355 1418 416 1450 Sed
437 1421 562 1458 praeter
575 1418 746 1450 charisium
761 1419 976 1457 Donatumque
998 1418 1051 1449 alii
1071 1427 1193 1458 quoque
1215 1419 1486 1458 metaplasmorum
1507 1428 1667 1451 recensum
1689 1421 1851 1461 dederunt,
1873 1423 1958 1454 volut

234 1476 418 1509 Consentius
439 1476 491 1508 Gr.
512 1475 565 1507 lat.
588 1476 629 1515 V,
651 1476 710 1508 387
727 1485 809 1516 sqq.,
829 1476 1025 1515 Anonymus,
1046 1475 1133 1507 cuius
1153 1473 1202 1507 ‘de
1224 1476 1339 1508 ultimis
1361 1474 1497 1517 syllabis‘
1518 1477 1596 1508 liber
1617 1486 1680 1509 una
1701 1487 1769 1510 cum
1792 1479 1883 1511 Probi
1907 1489 1957 1511 ca-

233 1534 356 1566 tholicis
378 1535 478 1566 editus
501 1536 550 1565 est
571 1534 623 1565 Gr.
644 1534 698 1565 lat.
718 1535 778 1573 IV,
801 1534 1038 1574 129—26442),
1068 1534 1218 1566 Sacerdos
1241 1535 1292 1566 Gr.
1315 1535 1368 1566 lat.
1390 1535 1446 1573 VI,
1467 1535 1623 1574 451,sqq.,
1655 1537 1694 1567 de
1715 1537 1827 1575 quibus
1856 1548 1957 1577 pauca

358 1660 408 1695 38)
431 1668 495 1687 cum
516 1659 629 1687 Donato
651 1658 724 1686 nihil
745 1658 822 1686 aliud
844 1661 887 1686 est
908 1667 1057 1686 commune
1084 1658 1138 1686 nisi
1168 1668 1271 1686 nomen
1299 1655 1458 1695 ‘paragoge’
1485 1663 1515 1688 et
1542 1661 1705 1697 exemplum
1734 1657 1874 1697 'potestur
1903 1673 1955 1699 pro

233 1705 342 1745 potest’,
365 1709 440 1746 quod
461 1708 614 1736 Diomedes
635 1708 755 1736 fortasse
776 1717 814 1735 ex
835 1708 941 1735 Donati
963 1711 1077 1735 auctore
1098 1708 1218 1736 addidit.

358 1757 408 1794 39)
431 1758 465 1785 ef.
487 1767 508 1785 s.
526 1760 545 1785 t.
568 1758 603 1784 de
624 1757 732 1794 prosth.
804 1757 888 1792 Verg.
904 1758 938 1784 A.
965 1759 1008 1791 11,
1027 1757 1099 1789 178;
1122 1757 1223 1784 incert.
1244 1762 1315 1791 trag.
1337 1767 1364 1784 v.
1381 1759 1418 1784 25
1442 1758 1527 1785 Ribb.

513 1828 519 1841 ,
575 1828 592 1841 „
625 1807 742 1843 epenth.
833 1828 849 1841 „
912 1828 928 1841 „
962 1808 988 1841 3,
1004 1808 1080 1840 4095
1104 1808 1129 1840 8,
1146 1808 1214 1834 630.

522 1878 528 1890 ,
576 1877 591 1890 „
624 1856 779 1892 prosparal.
832 1878 848 1890 „
911 1878 927 1890 „
961 1859 988 1890 9,
1005 1858 1073 1883 231.
1116 1856 1151 1883 de
1172 1865 1297 1892 syncope
1319 1856 1405 1891 Verg.
1427 1858 1461 1883 A.
1485 1860 1513 1890 4,
1529 1859 1598 1885 682.

574 1927 590 1940 „
623 1913 750 1942 apocope
833 1927 849 1941 ‚,
913 1926 929 1940 „
964 1906 1010 1940 10,
1026 1906 1098 1939 481ς
1121 1905 1195 1933 Eun.
1217 1914 1261 1933 an.
1286 1907 1352 1933 563.

520 1977 526 1989 ,
572 1977 589 1990 „
622 1955 728 1992 systole
831 1977 848 1990 ‚,
910 1977 927 1990 „
962 1958 988 1990 6,
1007 1956 1074 1983 773.
1118 1955 1152 1982 de
1173 1955 1293 1983 diaeresi
1314 1955 1399 1991 Verg.
1422 1958 1455 1983 A.
1479 1958 1506 1990 9,
1530 1958 1578 1984 26.

431 2018 434 2021 ⁴
513 2025 530 2038 ‚,
576 2025 592 2038 „
625 2004 726 2031 antith.
800 2004 883 2032 Ovid.
905 2007 972 2032 met.
994 2007 1021 2038 3,
1039 2004 1086 2031 79.

358 2053 409 2091 40)
431 2052 466 2081 cf.
488 2062 509 2081 s.
526 2056 546 2082 t.
570 2053 604 2081 de
626 2062 737 2090 parag.:
765 2048 920 2090 ‘potestur’.
963 2053 998 2081 de
1019 2053 1139 2090 systole:
1162 2053 1246 2090 Verg.
1262 2055 1296 2082 A.
1320 2056 1346 2088 4,
1366 2056 1412 2082 52.

571 2103 606 2130 de
627 2103 743 2131 antith.:
763 2099 823 2131 ‘oni
843 2113 895 2139 pro
916 2099 974 2131 illi'.

356 2151 408 2188 41)
429 2154 462 2180 ut
482 2161 504 2179 s.
519 2153 540 2179 t.
561 2151 596 2179 de
617 2151 773 2188 prosparal.
795 2152 879 2189 Verg.
896 2154 930 2180 A.
953 2155 979 2186 4,
996 2154 1063 2180 493.
1091 2153 1126 2180 de
1140 2161 1282 2189 paragoge
1297 2152 1390 2181 Plaut.
1406 2153 1487 2182 Cure.
1502 2154 1525 2188 Ι,
1544 2155 1568 2187 1,
1588 2157 1612 2182 1.
1640 2153 1675 2181 de
1689 2153 1803 2190 aphaer.
1820 2153 1905 2190 Verg.
1922 2158 1955 2183 A.

236 2203 282 2237 12,
297 2202 371 2235 454;
397 2203 441 2236 10,
457 2203 525 2229 481.
555 2201 590 2229 de
611 2201 732 2230 diaeresi
755 2202 839 2238 Verg.
855 2204 890 2230 A.
913 2205 939 2237 3,
958 2204 1024 2231 354.
1054 2203 1088 2231 de
1109 2203 1236 2239 prothea.
1257 2202 1356 2239 pax-all.
1379 2202 1465 2239 Verg.
1480 2204 1514 2231 A.
1538 2205 1564 2237 6,
1582 2205 1650 2232 502.

357 2250 408 2286 42)
430 2250 466 2278 cf.
481 2250 554 2277 Keil.
576 2250 594 2278 1.
609 2250 628 2278 1.
649 2260 678 2286 p.
692 2250 815 2279 XXXI:
835 2247 946 2280 'Restat
966 2252 1040 2279 liber
1061 2252 1096 2279 de
1116 2251 1225 2280 ultimis
1246 2252 1364 2288 syllabis
1386 2252 1522 2288 scriptus;
1545 2261 1630 2290 quem
1651 2252 1756 2279 librum
1775 2252 1843 2279 olim
1858 2252 1953 2280 Probo

231 2300 372 2331 tributum
394 2302 424 2329 et
443 2309 507 2329 cum
528 2300 676 2330 catholicis
697 2300 881 2331 coniunctum
902 2310 964 2330 esse
985 2302 1043 2330 non'
1065 2301 1235 2330 anctoritate
1255 2301 1322 2330 libri
1343 2301 1538 2338 manuscripti,
1561 2301 1610 2330 sed
1631 2301 1796 2330 coniectura
1810 2301 1956 2330 Parrhasii

231 2359 319 2387 supra
339 2350 378 2387 (p.
392 2349 436 2386 X)
457 2350 564 2378 dictum
585 2353 629 2378 est
650 2372 657 2378 .
673 2371 679 2377 .
695 2372 702 2378 .
717 2371 724 2377 .
746 2359 834 2387 quare
855 2350 970 2385 librum,
1003 2351 1038 2379 de
1058 2351 1139 2379 cuius
1160 2354 1276 2380 auctore
1297 2351 1370 2378 nihil
1392 2351 1508 2379 omnino
1530 2354 1655 2385 constat,
1685 2351 1820 2388 quoniam
1842 2360 1859 2378 a
1879 2352 1957 2387 prio-

974 2403 976 2406 ,
1608 2402 1625 2427 3
1638 2397 1657 2415 ,5
