2183 2514
402 284 580 314 Consentius.

508 342 621 370 Eetaeie
642 345 685 370 est
704 350 765 369 cum

215 397 347 429 correpta
368 392 480 429 syllaba
502 395 589 428 poeta
609 391 651 420 sic
668 393 764 419 aucto-

217 442 303 471 ritate
338 450 390 469 sua
424 440 515 469 utitur
549 442 696 478 tamquam
727 439 765 467 sit

217 491 357 527 temporis
371 490 520 526 longioris,
541 491 582 517 ut
602 492 658 517 est
675 483 764 516 ‘Ita—

218 540 302 568 liam
331 539 411 568 fato
441 534 631 575 profugas'
664 536 762 573 (Verg.

217 592 251 616 A.
268 591 292 624 l,
306 588 337 625 2)
359 591 392 617 et
407 609 413 615 .
425 609 432 616 .
445 609 452 616 .
466 583 588 615 ‘exercet
601 588 693 614 Diana
706 582 760 613 elz?

216 638 315 675 (Ver-g.
330 640 369 666 A.
386 639 413 671 1,
428 636 500 674 499)
503 657 612 665 .....

380 686 528 723 Systole
550 685 762 714 contrarius

215 739 271 766 est
286 735 470 773 superiori
486 734 760 771 metaplasmus,

215 795 280 814 cum
312 788 397 822 poeta
429 784 591 820 longiorem
622 783 761 820 syllabam

214 835 299 863 metri
314 834 485 863 necessitate
503 833 632 869 castiget,
653 835 690 861 ut
711 834 762 860 est

213 880 389 922 ‘aquosus
410 878 537 911 Orion'
558 882 669 919 (Verg.
684 883 720 909 A.
733 884 760 916 4,

216 933 276 969 52),
299 942 375 961 cum
393 932 512 969 prima
527 930 672 959 Orionis
686 930 760 967 syl-

214 982 298 1011 laba
327 982 461 1019 utique
489 980 602 1017 longe
632 979 696 1015 sit,
728 982 761 1008 ut

214 1032 283 1060 alibi
306 1035 335 1060 et
425 1030 472 1067 (A.
490 1032 517 1065 3,
534 1029 614 1066 517).
637 1029 694 1058 tale
716 1032 761 1057 est

214 1086 243 1110 et
341 1080 388 1117 (A.
407 1082 431 1115 1,
447 1079 509 1117 41).

556 1179 699 1206 Du'aeresn's
719 1181 762 1205 est

213 1238 274 1257 cum
301 1238 355 1256 una
375 1227 485 1264 syllaba
514 1229 543 1255 in
564 1227 635 1255 duas
660 1226 761 1254 dividi-

214 1283 271 1312 tur,
297 1282 329 1305 ut
343 1277 485 1314 Vergilius
506 1277 558 1313 (A.
574 1276 603 1310 7,
620 1275 691 1312 464)
714 1296 721 1303 .
733 1296 740 1303 .
752 1296 760 1303 .

212 1331 243 1356 et
262 1327 314 1365 (A.
335 1329 365 1361 9,
385 1326 437 1364 26)
464 1321 562 1363 ’μὶ-[αι’
588 1321 679 1353 vestis'
703 1334 759 1362 pro

206 1378 319 1413 pictae,-
343 1376 495 1405 Lucretius
516 1375 563 1412 (1,
580 1374 631 1411 84)
654 1395 757 1402 ......

489 1472 758 1513 Episynalipbe

209 1527 269 1553 est
301 1517 580 1559 conglutinatio
612 1522 758 1550 duarum

211 1572 439 1610 syllabarum
464 1572 503 1599 in
523 1579 630 1599 unam
650 1571 756 1605 facta,

210 1626 249 1651 ut
275 1631 352 1650 cum
373 1621 518 1649 dicitur
538 1615 758 1649 ‘Phaethon’

209 1680 273 1708 pro
293 1664 517 1698 ‘Phaiithon’
547 1671 576 1697 et
596 1664 757 1705 ‘Marcipor’

209 1729 262 1758 pro
272 1714 368 1757 ‘puer',
383 1712 533 1755 ‘Orpheus'
543 1726 596 1754 pro
606 1712 757 1755 ‘Orpheus’

209 1779 234 1798 e.
250 1779 278 1808 q.
294 1779 316 1798 s.

468 1965 678 2003 Synaliphe
699 1967 757 1995 est

206 2018 267 2049 vel
288 2016 473 2055 syncrisis
501 2025 577 2045 cum
598 2024 661 2052 per
681 2015 756 2044 col-

206 2067 391 2096 lisionem
442 2064 755 2094 concurrentium

205 2116 390 2146 vocalium
422 2113 610 2143 subtrahendi
642 2122 681 2142 ex
708 2113 755 2142 his

205 2166 333 2204 aliquam
346 2165 520 2202 praebeatur
534 2163 645 2192 occasio
661 2184 668 2191 .
680 2185 687 2191 .
699 2184 707 2192 .
722 2165 756 2192 nt

205 2217 251 2244 est
266 2214 339 2243 illud
354 2209 479 2252 ‘atque
494 2221 535 2241 ea
547 2212 574 2241 d.
588 2221 616 2250 p.
632 2212 659 2241 d.
674 2221 701 2250 p.
716 2208 768 2249 εἶ’

204 2264 322 2302 (Vei-3.
337 2265 373 2292 A.
389 2265 417 2299 9,
435 2262 465 2300 1)
486 2283 493 2290 .
509 2283 517 2291 .
532 2284 539 2291 .
554 2283 561 2291 .

963 188 1211 223 „25-

1018 286 1156 315 Donatus.

1055 343 1197 372 Ectasis
1219 345 1276 372 est
1297 351 1359 372 ex·

815 391 941 420 tensio
961 392 1130 429 syllabae
1147 394 1276 421 contra
1296 401 1359 420 na-

814 441 930 468 turam
966 441 1086 476 verbi,
1122 444 1160 469 ut
1192 436 1359 469 ‘Italiam

813 488 891 518 fato
906 486 1271 526 ρτοίιιςιιε’(Ῡοι·ς.Δ.
1285 490 1358 527 1,2),

814 547 889 566 oum
922 539 1041 567 Italia
1076 541 1248 575 correpte
1283 538 1358 567 dici

813 587 953 616 debeat

1021 686 1174 723 Systole
1196 690 1255 715 est
1275 696 1357 715 cor-

811 735 941 771 reptio
957 735 1156 763 contraria
1172 737 1358 771 ectasi‚ut

810 779 995 821 ‘aquosus
1017 781 1146 812 Orion’
1178 785 1298 821 (Verg.
1322 788 1356 814 A.

812 832 912 869 4,52),
935 842 1014 861 cum
1032 833 1150 861 Orion
1172 834 1356 870 producte

811 882 890 911 dici
913 882 1058 910 debeat.

1079 1179 1276 1207 Diaeresis
1297 1183 1355 1208 est
1377 1173 1381 1213 Ι

811 1227 994 1255 discissio
1030 1227 1206 1265 syllabae
1241 1228 1356 1256 unius

810 1275 849 1303 in
866 1276 956 1304 duas
978 1276 1094 1311 facta,
1117 1279 1151 1305 ut
1163 1271 1222 1305 ‘oni
1237 1285 1355 1314 respon-

810 1325 852 1354 dit
879 1334 933 1354 rex
954 1325 1039 1354 Albai
1067 1322 1172 1362 longai'
1200 1326 1287 1363 (Ena.
1308 1335 1354 1354 an.

814 1376 838 1409 1,
855 1375 915 1410 34).

1069 1473 1353 1510 Episynaliphe

808 1524 867 1549 est
887 1522 1182 1557 conglutinatio
1199 1523 1352 1551 duarum

808 1569 1047 1606 syllabarum
1069 1571 1107 1598 in
1124 1579 1233 1599 unam
1250 1571 1353 1600 facta

808 1619 991 1647 contraria
1002 1619 1164 1654 diaeresi,
1179 1615 1352 1649 ut‘Phae·

806 1664 907 1696 thon'
932 1677 997 1704 pro
1018 1663 1249 1703 ‘Phaethon’,
1269 1664 1351 1697 ‘Ne-

806 1713 875 1745 rei’
907 1726 973 1754 pro
1001 1713 1160 1752 ’ΝΜ-οῖ’,
1189 1713 1351 1755 ‘aeripe-

807 1762 898 1795 dem'
920 1776 987 1803 pro
1007 1762 1259 1804 ‘aeripedem

1057 1964 1270 2002 Synaliphe
1292 1967 1350 1994 est

805 2023 870 2052 per
910 2014 1229 2051 interceptionem
1266 2024 1349 2043 con-

805 2064 1034 2093 currentium
1071 2063 1260 2092 vocalium
1294 2063 1349 2092 lu-

804 2113 911 2142 brica
953 2113 1129 2151 quaedam
1171 2112 1349 2151 lenisque

804 2161 980 2197 conlisio,
1009 2164 1048 2190 ut
1074 2156 1204 2200 ‘atque
1233 2170 1273 2190 ea
1298 2160 1350 2190 di-

803 2220 910 2241 versa
923 2220 952 2248 p.
964 2211 991 2239 d.
1003 2220 1032 2248 p.
1044 2206 1079 2247 g!
1093 2210 1209 2248 (Verg.
1220 2212 1255 2239 A.
1268 2213 1297 2246 9,
1310 2210 1349 2248 1).

1258 2260 1349 2290 haec

803 2319 821 2338 a
842 2310 1061 2349 quibusdam
1082 2309 1267 2347 syncrisis
1286 2319 1348 2338 no·

801 2358 972 2387 minatur.

1602 286 1765 316 Diomedes.

1451 342 1496 372 De
1517 343 1613 373 ectasi.
1645 344 1791 373 Ectasis
1812 347 1868 374 est
1888 353 1953 383 exv

1409 392 1545 428 tensio,
1573 401 1647 431 quae
1675 393 1709 422 fit
1734 402 1795 422 eum
1822 395 1954 431 correpta

1408 440 1518 477 syllaba
1547 446 1646 469 eontra
1673 443 1810 469 rationem
1835 450 1890 478 per
1917 442 1953 469 11·-

1408 491 1526 519 sentim
1556 490 1738 528 producitur,
1773 495 1804 518 ut
1833 480 1954 519 ‘uerat

1409 539 1501 566 Diana
1522 534 1631 567 ελον-ω’
1650 539 1748 576 (Verg.
1761 541 1801 567 A.
1819 542 1846 574 1,
1861 539 1951 578 499),-

1407 587 1456 617 hic
1482 588 1560 617 enim
1586 587 1700 623 Dianae,
1723 588 1834 626 syllaba
1860 588 1954 627 prima

1408 638 1547 674 producta
1562 639 1614 672 est,
1636 647 1701 666 cum
1718 637 1824 674 corripi
1839 638 1951 667 debeat.

1450 687 1490 714 De
1504 687 1617 723 systole.
1641 686 1787 724 Systole
1802 690 1861 716 est
1874 696 1951 716 cor-

1407 736 1532 773 reptio
1551 736 1742 765 contraria
1757 736 1885 765 ectasi.
1917 736 1952 765 fit

1407 788 1502 813 autem
1528 794 1588 812 cum
1610 785 1695 822 longa
1722 785 1831 821 syllaba
1853 790 1951 813 eontra

1406 835 1542 862 rationem
1563 835 1717 871 corripitur
1735 834 1834 873 aliqua
1853 844 1952 864 neces-

1407 883 1492 912 sitate
1513 887 1648 920 cogente,
1680 887 1711 911 ut
1730 880 1884 922 ‘urbemque
1904 885 1950 912 Fi-

1406 929 1513 960 denam'
1545 933 1642 969 (Ver-g.
1661 934 1701 961 A.
1720 935 1756 967 6,
1781 933 1869 970 773),·
1904 934 1950 961 bie

1406 983 1478 1010 enim
1494 981 1660 1010 Fidenarum
1677 983 1796 1019 primam
1812 982 1949 1019 syllabam

1406 1032 1561 1068 corripuit,
1585 1040 1645 1058 cum
1664 1033 1821 1068 producere
1842 1031 1950 1060 debuis—

1404 1084 1456 1114 set,
1480 1080 1549 1108 item
1566 1075 1744 1119 ‘aquosus
1760 1078 1881 1109 Orion'
1901 1080 1949 1117 (A.

1404 1132 1431 1165 4,
1452 1129 1511 1167 52).

1448 1180 1487 1206 De
1506 1179 1636 1206 ‹itaet-esi.
1680 1179 1873 1208 Diaeresis
1893 1183 1949 1209 ost

1406 1227 1589 1256 discissio
1624 1227 1796 1264 syllabae
1836 1229 1948 1257 unius

1405 1276 1441 1304 in
1463 1276 1549 1304 duas
1570 1275 1686 1309 divisae,
1710 1280 1742 1303 ut
1759 1272 1843 1305 ‘dives
1857 1278 1953 1314 pictai

1406 1334 1431 1353 v.
1451 1335 1475 1353 e.
1494 1322 1531 1353 αἶ
1549 1325 1646 1363 (Verg.
1661 1327 1701 1354 A.
1715 1328 1745 1360 9,
1759 1327 1811 1364 26)
1830 1336 1884 1364 pro
1902 1328 1949 1364 pi-

1405 1379 1467 1402 ctae
1488 1378 1517 1403 et
1532 1370 1616 1402 ‘aulai
1632 1371 1734 1403 medio'
1755 1376 1805 1412 (A.
1821 1378 1851 1410 3,
1866 1375 1947 1413 854).

1446 1474 1485 1501 De
1502 1472 1701 1511 episynals'phe.
1733 1473 1948 1511 Episynali-

1402 1523 1471 1558 phe
1493 1525 1551 1550 est
1571 1522 1858 1558 conglutinatio
1884 1532 1948 1552 seu

1403 1570 1615 1600 contractio
1652 1571 1799 1599 duarum
1830 1571 1947 1608 sylla-

1401 1621 1526 1649 barum
1561 1620 1599 1647 in
1630 1629 1731 1648 unam
1767 1620 1947 1657 syllabam

1401 1670 1502 1698 facta
1516 1669 1704 1697 contraria
1718 1669 1870 1706 synaliphe
1884 1670 1946 1706 (di-

1401 1717 1570 1754 aeresi?),
1600 1719 1638 1746 ut
1664 1712 1819 1746 ‘fixerit
1846 1719 1945 1747 aeri-

1401 1768 1525 1804 pedem
1546 1776 1570 1796 c.
1587 1763 1612 1795 1?
1637 1766 1754 1803 (Verg.
1770 1769 1805 1796 A.
1820 1770 1848 1802 ὃ,
1865 1769 1946 1805 808),

1402 1826 1476 1845 cum
1504 1816 1717 1854 aeripedem
1745 1817 1863 1854 quinque
1888 1818 1947 1854 syt-

1401 1865 1482 1894 labus
1496 1866 1587 1894 dicere
1601 1865 1755 1893 debeamus.
1790 1866 1830 1894 ita
1836 1865 1880 1903 fit
1889 1875 1945 1894 una

1399 1914 1509 1952 syllaba
1530 1925 1567 1943 ex
1587 1914 1702 1942 duabus.

1441 1965 1482 1993 De
1491 1964 1648 2003 synaliphe.
1671 1964 1876 2002 Synaliphe
1893 1967 1946 1994 est

1400 2014 1577 2049 conlisio‚
1597 2023 1671 2053 quae
1692 2014 1726 2043 fit
1746 2023 1806 2042 cum
1827 2015 1944 2043 duarum

1399 2063 1477 2093 inter
1496 2073 1527 2093 se
1556 2063 1860 2093 concurrentium
1880 2073 1943 2093 vo-

1400 2112 1530 2141 calium
1541 2112 1633 2140 altera
1644 2112 1769 2146 'elidiata
1781 2115 1820 2141 ut
1828 2107 1944 2151 ‘atque

1399 2170 1441 2190 ea
1465 2161 1612 2191 divorsa
1631 2170 1660 2199 p.
1678 2161 1705 2190 d.
1721 2170 1749 2198 p.
1771 2158 1806 2198 gl
1832 2160 1943 2199 (Vox-g.

1399 2213 1434 2239 A.
1450 2213 1478 2247 9,
1499 2211 1534 2247 1).
1575 2210 1623 2238 bic:
1637 2211 1708 2238 em'm
1722 2219 1804 2239 mm
1825 2221 1842 2239 c
1857 2220 1943 2248 prae-

1399 2260 1497 2288 cedens
1512 2258 1626 2288 mlada·
1643 2268 1752 2288 neema
1767 2264 1819 2288 est.
1851 2260 1943 2290 haeo

1398 2318 1416 2337 a
1436 2309 1656 2347 quibusdam
1675 2309 1861 2347 syncrisis
1881 2318 1942 2338 no-

1396 2357 1565 2387 minatur.

2137 1963 2139 1965 ⁵
2136 1931 2141 1942 Α.
2134 1914 2136 1917 -
2130 1898 2135 1902 ι
2147 1868 2149 1870 .
2140 1825 2148 1827 l
2143 1753 2148 1758 s
2144 1718 2146 1720 -

2174 1956 2180 1961 .
2152 1754 2183 1939 Zkffiamffl
2176 1652 2183 1669 ...
2168 1603 2183 1639 ,με
2169 1569 2183 1593 „r-
2156 1534 2183 1555 1¹32
2163 1500 2183 1518 μς
2167 1461 2183 1485 ²...
