2183 2514
2 2180 7 2190 r

4 2247 15 2259 ’ἦ

3 2298 5 2300 .
11 2287 27 2306 >7

0 2304 21 2315 .,.

0 2315 33 2357 {³¹5
40 2340 44 2348 ,,

0 2360 4 2365 '
13 2361 38 2382 'ia

362 257 432 290 Hae
461 259 535 290 sunt
562 256 726 298 reliquiae,
753 266 834 299 quae
856 258 963 291 Scauri
983 258 1107 292 nomine
1128 258 1286 299 adscripto
1313 258 1398 300 apud
1417 258 1609 299 posteriores
1636 258 1854 301 grammaticos
1881 248 2000 301 doliis
2033 274 2045 282 .
2065 268 2102 297 135.

236 319 383 349 servatae
412 318 494 348 sunt.
536 325 598 347 non
627 316 836 355 spernendum
865 317 1028 348 accederet
1056 317 1243 355 auctarium,
1272 317 1301 348 si
1322 316 1514 356 comprobari
1534 318 1657 356 posset,
1684 316 1768 355 quod
1796 295 1998 359 auspic-{i}
2059 301 2066 306 ⁷⁷

237 373 359 406 Keilius
380 373 434 405 Gr.
447 372 502 404 lat.
517 373 586 411 VII,
600 372 663 404 319
683 373 846 404 Audacia
866 370 917 404 ‘de
937 373 1046 405 Scauri
1066 376 1098 405 et
1118 373 1251 405 Palladii
1271 373 1359 405 libris
1380 370 1534 413 excerpta?
1555 381 1700 414 magnam
1720 374 1842 413 partem
1863 366 1975 405 che-
1997 403 1999 405 .

237 431 331 464 rentii
347 430 455 463 Scauri
470 432 540 462 arte
555 430 705 470 originem
720 430 842 463 ducere.
872 439 935 470 qua
950 431 990 463 de
1005 440 1039 463 re
1054 440 1111 471 ego
1126 430 1249 471 quidem
1263 431 1356 464 valde
1371 430 1488 463 dubito.
1517 439 1589 463 nam
1603 430 1736 471 primum
1750 429 1874 471 quidem
1888 421 1974 470 quod
1998 437 2003 440 ’
2020 426 2024 429 ’

238 489 339 520 tribus
360 488 438 519 locis
460 487 545 527 apud
566 487 724 518 Audacem
745 487 879 527 vestigia
899 487 1008 519 Scauri
1029 488 1188 520 doctrinae
1208 488 1421 526 inveniuntur,
1441 497 1472 528 p.
1486 488 1557 527 320,
1570 488 1591 520 5
1616 485 1688 520 ‘Ars
1708 487 1783 528 quid
1804 487 1888 520 est?
1915 486 1976 519 Rei
2000 522 2002 524 v

239 546 390 586 cuiusque
421 544 553 578 scientia
581 545 621 577 ad
642 545 809 578 utilitatem
839 544 1138 587 delectationemque
1167 546 1325 578 tendentis
1352 555 1411 578 usu
1439 546 1489 578 vel
1516 546 1637 579 ratione
1665 542 1894 586 comprehensa'
1922 543 1975 586 (cf.
1999 574 2003 583 ,

237 604 296 644 frg.
313 604 382 644 12),
410 612 440 642 p.
455 603 534 641 321,
557 604 610 634 14:
638 600 841 634 ‘Elementum
869 603 943 642 quid
970 604 1040 634 est?
1080 603 1179 635 Unius
1201 604 1351 643 cuiusque
1371 603 1417 635 rei
1437 603 1573 641 initium,
1602 612 1622 634 a
1642 612 1704 643 quo
1725 603 1857 635 sumitur
1875 594 1983 634 incre·¹

239 663 377 693 mentum
399 663 430 692 et
450 660 481 691 in
504 660 587 699 quod
609 657 782 691 resolvitur’
804 659 856 699 (cf.
877 660 913 692 fr.
930 660 993 700 13),
1014 670 1045 700 p.
1059 661 1136 699 324,
1158 661 1191 693 8:
1211 657 1330 692 ‘Oratio
1350 660 1425 701 quid
1448 661 1519 692 est?
1561 660 1668 692 Sermo
1690 662 1855 695 contextus
1876 683 1885 692 .
1906 682 1914 691 .
1937 684 1945 692 .
1966 682 1974 690 .

238 718 332 750 Unde
355 718 437 749 dicta
459 717 580 748 oratio?
610 717 707 754 Quasi
729 717 792 749 oris
813 718 908 755 ratio,
930 718 979 749 cui
1003 718 1115 749 accidit
1137 715 1284 749 clausula’
1306 718 1357 758 (cf.
1381 718 1415 749 fr.
1431 718 1498 758 14):
1527 718 1599 749 binc
1619 725 1814 757 nequaquam
1835 716 1977 756 sequimr

239 776 390 808 Scaurum
418 774 515 806 fuisse
536 774 672 805 Audacis
702 777 868 806 auctorem.
910 775 1004 806 immo
1033 784 1106 806 vero
1135 775 1242 816 ultimo
1272 775 1341 807 loco
1369 775 1462 815 plane
1489 776 1721 813 demonstratur
1742 774 1892 806 Scaurum
1913 782 1976 805 non

239 833 339 865 fuisse
362 834 519 864 auctorem
543 831 689 863 Audacis.
732 832 889 864 examines
912 832 1001 871 enim,
1023 841 1148 872 quaeso,
1169 832 1261 864 haec:

367 890 479 921 Audax
499 899 530 929 p.
545 890 621 927 324,
644 890 677 921 8:
706 886 823 921 ‘Oratio
852 890 926 929 quid
956 891 1028 921 est?
1070 890 1178 922 Sermo
1205 893 1366 922 contextus
1389 890 1429 922 ad
1451 890 1622 922 clausulam
1650 889 1784 921 tendens
1805 897 1862 929 per
1884 896 1976 929 argu-

241 951 347 980 menta
375 947 572 978 narrationis.
614 946 704 978 Unde
733 947 817 978 dicta
845 948 968 979 oratio?
1009 948 1107 986 Quasi
1136 948 1198 979 oris
1227 949 1307 980 ratio
1336 948 1385 980 cui
1407 948 1520 980 accidit
1541 947 1690 979 clausula.
1733 945 1881 978 Clausula
1901 945 1977 985 quid

241 1007 314 1038 est?
360 1004 549 1044 Compositio
583 1004 746 1035 verborum
780 1004 938 1044 plausibili
972 1007 1130 1037 structura
1164 1006 1204 1037 ad
1234 1005 1348 1037 exitum
1382 1002 1565 1037 terminata?
1607 1004 1756 1037 victorin.
1783 1004 1836 1036 Gr.
1856 1003 1912 1035 lat.
1933 1003 1978 1035 VI

241 1073 272 1104 p.
289 1063 357 1101 192,
372 1063 407 1094 2:
427 1059 545 1093 ‘oratio
567 1061 642 1101 quid
664 1063 733 1093 est?
763 1061 933 1093 Contextus
956 1072 1056 1094 sermo
1078 1063 1119 1094 ad
1141 1063 1312 1095 clausulam
1333 1064 1473 1095 tendens.
1514 1062 1606 1095 Unde
1628 1062 1711 1094 dicta
1732 1061 1852 1093 oratio?
1881 1060 1979 1099 Quasi
2005 1077 2007 1080 >

241 1121 305 1153 oris
333 1120 423 1154 ratio.
449 1138 490 1142 —
522 1119 671 1151 Clausula
691 1119 765 1159 quid
787 1121 857 1151 est?
899 1120 1089 1160 Compositio
1111 1121 1274 1152 verborum
1295 1121 1471 1160 plausibilis
1492 1123 1667 1152 structurae
1688 1119 1772 1152 exitu
1792 1115 1978 1151 terminata?

241 1178 383 1210 Diomed.
404 1186 435 1216 p.
449 1177 528 1216 300,
550 1177 589 1208 19
615 1175 752 1215 (duabus
778 1177 929 1209 orationis
951 1177 1181 1209 definitionibus
1203 1178 1334 1218 prolatis
1354 1177 1484 1219 pergin:
1513 1174 1688 1209 ‘Scaurus
1714 1175 1776 1208 sic:
1806 1175 1906 1217 oratio
1926 1177 1979 1207 est

243 1244 298 1268 ore
318 1235 416 1267 missa
437 1237 469 1266 et
489 1242 547 1274 per
567 1233 719 1266 dictiones
740 1234 883 1267 ordinata
903 1226 1124 1275 pronuntiatio.
1167 1235 1268 1268 oratio
1295 1238 1402 1268 autem
1426 1226 1551 1268 videtur
1576 1234 1661 1267 dicta
1679 1229 1779 1278 [quasi
1806 1233 1877 1276 oris»
1891 1222 1979 1271 >ratio
2006 1255 2009 1263 .

242 1292 293 1325 vel
314 1301 334 1324 a
351 1292 472 1324 Graeca
492 1288 619 1330 origine’
640 1315 647 1322 .
663 1315 670 1322 .
686 1315 693 1322 .
715 1293 781 1323 tum
804 1293 945 1331 sequitur
966 1292 1052 1323 nulla
1074 1292 1288 1324 coniunctione
1308 1291 1494 1332 interposita
1512 1290 1652 1324 definitio
1674 1290 1822 1336 (*,Au⁶·
1836 1293 1870 1322 et
1883 1277 1979 1341 vict.)

242 1352 390 1391 quarta:
419 1345 537 1381 ‘Oratio
559 1350 608 1380 est
630 1357 733 1380 sermo
755 1351 917 1381 contextus
939 1349 979 1382 ad
1001 1349 1171 1382 clausulam
1193 1350 1335 1382 tendens.
1377 1349 1518 1382 clausula
1539 1351 1589 1382 est
1612 1348 1795 1389 compositio
1816 1347 1979 1383 verborum
2028 1363 2030 1365 >
2111 1326 2138 1342 ⁷

242 1406 417 1447 plausibilis
439 1409 616 1437 structurae
638 1406 723 1436 exitu
743 1405 923 1437 terminata.y

318 1487 322 1490 .
366 1463 464 1495 Vides
485 1462 582 1503 igitur
604 1462 741 1494 Audacis
763 1465 795 1495 et
815 1463 964 1495 Victorini
986 1463 1180 1496 definitiones
1209 1473 1271 1495 non
1295 1466 1359 1496 tam
1382 1463 1498 1496 Scauro
1525 1473 1616 1504 quam
1637 1462 1683 1494 illi
1704 1462 1904 1502 grammatico
1925 1461 1981 1494 de-

243 1522 323 1560 beri,
353 1521 441 1553 cuius
462 1520 673 1552 definitionem
696 1520 862 1552 Diomedes
884 1524 995 1560 quarto
1016 1522 1121 1561 posuit
1142 1522 1224 1560 loco;
1247 1522 1426 1553 Diomedem
1448 1530 1521 1553 vero
1543 1521 1637 1552 etiam
1658 1521 1739 1552 hanc
1759 1522 1903 1560 quartam
1925 1520 1979 1552 de-

242 1579 414 1612 finitionem
436 1587 474 1609 ex
495 1577 604 1610 Scauri
624 1574 711 1609 ‘arte’
732 1578 918 1617 sumpsisse,
947 1578 979 1609 id
1002 1579 1084 1618 quod
1106 1579 1226 1610 Keilius
1247 1579 1302 1611 l.1.
1324 1579 1447 1610 videtur
1467 1581 1594 1618 putare,
1622 1587 1642 1610 a
1662 1577 1821 1609 verisimili
1848 1585 1979 1617 prorsus
2040 1593 2042 1595 -

245 1637 399 1670 abhorret.
443 1636 525 1668 adde
546 1635 629 1675 quod
653 1635 831 1668 Victorinus
852 1639 884 1668 et
905 1637 1015 1668 Audax
1043 1646 1111 1668 cum
1132 1637 1282 1669 Diomede
1302 1636 1464 1677 permultis
1484 1636 1576 1676 locis,
1608 1636 1719 1676 quibus
1741 1636 1876 1668 Scaurus
1905 1644 1980 1667 non

247 1698 515 1732 commemoratur,
537 1693 745 1732 consentiunt,
765 1693 955 1725 dissentiunt
976 1694 1164 1734 plerumque,
1185 1695 1237 1726 ubi
1259 1695 1394 1726 Scaurus
1416 1698 1525 1726 auctor
1545 1694 1729 1726 nominatur.

370 1752 458 1790 Quae
480 1760 549 1783 cum
570 1752 616 1782 ita
637 1750 716 1790 sint,
738 1750 824 1782 nulla
845 1754 895 1783 est
915 1760 1027 1791 causa,
1049 1760 1103 1784 cur
1124 1752 1217 1784 Keilii
1238 1752 1394 1785 sententia
1414 1752 1545 1792 probata
1567 1760 1765 1790 consensum,
1787 1759 1878 1791 quem
1899 1750 1982 1782 inter

245 1810 443 1847 Diomedem,
465 1810 637 1846 Audacem,
659 1808 852 1839 Victorinum
873 1809 1060 1848 invenimus,
1089 1811 1130 1841 ad
1153 1810 1260 1841 Scauri
1282 1812 1381 1841 artem
1403 1809 1651 1848 grammaticam,
1680 1816 1870 1840 communem
1891 1807 1981 1847 quasi

244 1866 378 1909 fontem,
407 1865 603 1897 referendum
631 1873 703 1896 esse
729 1867 884 1904 putemus.
926 1867 1009 1905 quod
1036 1867 1241 1898 vero‘Audax
1263 1875 1298 1898 se
1319 1866 1427 1898 Scauri
1453 1868 1486 1897 et
1506 1865 1639 1897 Palladii
1666 1864 1763 1896 libros
1789 1863 1982 1904 excerpsisse

245 1914 448 1962 inscriptione
467 1922 539 1953 libri
560 1924 706 1960 testatur,
727 1922 787 1953 hoc
809 1922 924 1953 nullius
947 1926 996 1954 est
1017 1924 1171 1955 momenti.
1204 1932 1276 1955 nam
1298 1923 1379 1955 sicut
1399 1922 1518 1955 Keilius
1541 1922 1593 1954 Gr.
1607 1922 1662 1954 lat.
1683 1921 1751 1960 VII,
1765 1921 1827 1954 319
1848 1920 1983 1953 Palladii

246 1980 372 2013 nomine
399 1979 546 2011 instituta
574 1979 688 2011 artium
709 1978 824 2011 Probi
846 1979 1013 2020 significari
1034 1980 1236 2020 probabiliter
1256 1980 1382 2019 conicit,
1411 1980 1519 2012 Scauri
1540 1988 1662 2020 quoque
1682 1979 1807 2011 nomine
1827 1987 1888 2011 non
1910 1986 1982 2010 con-

244 2037 343 2069 fidere
357 2037 420 2068 iam
434 2046 491 2076 per
505 2045 540 2068 se
557 2045 689 2076 aequum
705 2037 825 2077 estu).
861 2038 918 2068 sed
939 2038 1030 2077 longe
1050 2038 1202 2077 ampliora
1223 2037 1330 2069 Scauri
1349 2034 1446 2069 ‘artis’
1467 2036 1685 2077 supplementa
1705 2044 1743 2068 ex
1762 2036 1859 2076 largis
1882 2035 1987 2076 copiis,

246 2095 497 2136 artigraphorum
519 2094 658 2128 eruenda
679 2103 751 2126 esse
773 2096 806 2126 et
827 2094 893 2126 erui
914 2103 1010 2134 posse
1030 2094 1111 2127 infra
1132 2094 1362 2136 explicabimus.

376 2177 426 2216 12)
446 2178 534 2214 adde,
564 2178 641 2217 quod
662 2177 913 2216 grammaticorum
934 2178 1052 2207 nomina
1072 2179 1148 2216 apud
1168 2178 1343 2217 posteriores
1363 2178 1508 2209 interdum
1528 2179 1692 2216 permutata
1711 2186 1774 2207 esse
1794 2180 1921 2213 constat,
1950 2178 1986 2207 ut

245 2228 360 2258 Probus
381 2228 548 2258 nominatur
564 2237 618 2265 pro
633 2228 783 2264 Diomede,
805 2237 858 2270 pro
873 2227 1004 2257 caaz-isio
1021 2228 1214 2258 Cominianus.
1244 2228 1280 2258 of.
1296 2228 1387 2265 Stenp
1407 2223 1452 2257 ‘de
1466 2228 1570 2257 Probis
1585 2223 1787 2265 grammaticis'
1806 2221 1907 2265 p.*1⁷'1
1919 2236 1985 2265 sqq.
2080 2204 2157 2276 2

246 2280 278 2307 et
297 2278 403 2315 Hagen
423 2277 564 2306 Aneodot.
586 2277 703 2306 Helvet.
725 2286 754 2314 p.
769 2276 845 2305 cLV
866 2280 897 2305 et
917 2276 1037 2305 cnm
