2183 2514
961 207 1209 243 ..31-

221 292 307 345 apud
321 302 479 335 Donatum
495 301 609 342 partim
624 301 709 341 apud
726 300 900 334 charisium
910 301 1171 342 sacerdotemque
1185 301 1318 333 redeant
1330 301 1391 341 δ’),
1412 300 1592 332 Diomedem
1607 300 1779 340 colligimus
1793 300 1950 332 interdum

221 369 260 392 ex
280 355 413 392 diversis
434 361 594 391 auctorum
615 368 742 390 suorum
764 358 993 391 definitionibus
1015 359 1136 391 duabus
1151 358 1304 391 conflasse
1320 367 1421 390 unam.
1464 358 1547 398 quod
1568 359 1650 390 enim
1671 358 1784 398 aliquis
1806 359 1948 391 conicere

220 420 328 457 potest
348 425 455 448 omnes
475 416 533 448 hos
554 415 773 456 grammaticos
793 424 888 447 unum
909 418 1034 448 secutos
1055 425 1125 448 esse
1146 419 1320 454 auctorem,
1350 415 1437 447 cuius
1458 415 1553 446 verba
1573 415 1658 454 apud
1679 415 1858 447 Diomedem
1886 424 1952 447 ser-

221 470 296 507 vata
316 474 381 507 sint
400 474 539 514 integra,
566 475 686 505 mutata
708 473 791 513 apud
812 476 933 506 ceteros
954 476 1036 514 tres,
1064 474 1097 506 id
1118 473 1285 512 refellitur,
1313 473 1396 513 quod
1426 473 1503 504 miro
1525 473 1616 505 modo
1645 472 1775 512 accidit,
1806 476 1841 504 ut
1865 473 1951 513 apud

220 531 377 562 Donatum
405 531 491 562 nulla
518 530 693 562 inveniatur
722 530 875 569 definitio,
904 539 984 571 quae
1011 531 1119 563 itidem
1149 531 1233 571 apud
1262 530 1436 562 Charisium
1458 530 1718 570 Sacerdotemque
1745 530 1871 570 prolata
1898 531 1949 562 sit.

220 596 406 628 quamquam
427 588 508 620 enim
528 588 717 627 generaliter
735 588 891 620 interdum
912 589 1106 628 conspirant,
1136 589 1177 620 ad
1199 597 1389 620 communem
1410 591 1515 619 tamen
1536 588 1653 619 fontem
1675 588 1950 620 demonstrandum

221 645 375 685 generalis
396 654 567 677 consensus
587 654 649 677 non
671 645 784 677 sufficit
805 646 889 685 apud
909 646 1143 685 grammaticos,
1163 655 1241 685 quos
1259 654 1321 676 non
1337 646 1437 676 solum
1454 645 1626 676 doctrinam
1644 649 1805 677 auctorum
1823 654 1949 677 suorum

221 701 280 733 sed
300 702 394 733 etiam
416 702 511 733 verba
525 702 595 741 ipsa
611 703 643 733 in
660 702 755 733 libros
772 710 846 733 snos
861 702 1060 733 transtulisse
1077 702 1183 733 multis
1201 703 1430 733 demonstratur
1446 702 1522 733 locis
1532 702 1592 741 ⁵³).
1635 706 1728 741 atque
1745 711 1785 733 ne
1801 702 1949 741 exemplis

221 759 353 800 quidem,
381 768 462 800 quae
489 759 628 792 omnibus
657 760 844 800 artigraphis
873 762 1006 800 quatuor
1036 763 1109 792 sunt
1139 760 1388 800 communiau),
1421 760 1577 792 sententia
1605 762 1711 791 nostra
1742 760 1949 800 redarguitur.

221 817 295 849 talis
316 817 397 849 enim
417 826 586 849 consensus
608 817 683 848 nihil
705 817 788 848 aliud
809 817 927 849 indIcat
952 817 1012 849 nisi
1033 820 1131 849 totam
1154 818 1233 849 hanc
1255 818 1425 849 doctrinam
1454 817 1605 856 principio
1627 817 1666 848 ab
1688 827 1749 848 uno
1778 817 1949 857 profectam

221 883 292 906 esse
312 877 447 906 auctore.

345 932 414 963 Duo
434 932 530 972 igitur
550 932 746 963 discernendi
774 934 848 963 sunt
867 931 1026 963 Diomedis
1049 934 1205 970 auctores,
1234 941 1363 971 quorum
1393 932 1473 963 alter
1501 931 1560 963 fuit
1581 934 1688 963 auctor
1709 932 1842 971 Donati,
1871 932 1950 963 alter

221 989 353 1022 Charisii
376 990 621 1030 sacerdotisque.
663 990 724 1021 iam
746 989 854 1029 quaeri
883 992 1004 1029 potest,
1032 992 1134 1021 utrum
1156 999 1210 1029 ea,
1238 999 1317 1030 quae
1339 990 1479 1022 Diomedi
1502 999 1570 1022 cum
1597 990 1644 1022 his
1667 989 1856 1030 artigraphis
1886 999 1948 1021 non

221 1050 295 1078 sunt
316 1048 496 1085 communia,
516 1047 608 1077 tertio
629 1047 750 1078 cuidam
772 1047 890 1078 auctori
912 1046 1091 1078 debeantur.
1133 1047 1165 1078 id
1187 1048 1267 1086 quod
1290 1047 1439 1086 imprimis
1461 1047 1545 1078 cadit
1565 1047 1597 1077 in
1619 1056 1664 1085 ea,
1685 1056 1765 1086 quae
1784 1047 1945 1078 Diomedis

220 1104 346 1145 propria
367 1106 440 1136 sunt
460 1104 491 1136 in
512 1104 599 1136 initio
621 1103 731 1144 capitis
753 1105 797 1145 (p.
812 1104 883 1143 443,
902 1103 1018 1145 6—12)
1048 1106 1080 1136 et
1100 1104 1131 1136 in
1152 1103 1228 1143 fine,
1258 1105 1297 1136 de
1318 1104 1500 1145 gradatione
1522 1105 1565 1145 (p.
1580 1105 1652 1144 448,
1675 1105 1713 1136 12
1732 1105 1822 1144 sqq.).
1870 1105 1948 1136 haec

220 1162 445 1202 quadamtenus
473 1162 574 1193 redire
602 1162 642 1193 ad
664 1162 886 1199 Quintilianum
916 1162 1006 1193 docet
1027 1165 1059 1193 et
1088 1162 1187 1201 ipsius
1209 1162 1391 1199 Quintiliani
1420 1162 1589 1193 auctoritas
1611 1172 1640 1201 p.
1657 1163 1729 1200 443,
1752 1163 1769 1193 7
1793 1162 1948 1193 arcessita

220 1221 253 1251 et
273 1227 393 1251 summa
413 1227 482 1251 cum
503 1219 562 1250 hoc
583 1218 745 1250 consensio
766 1218 797 1250 in
819 1219 984 1250 tractanda
1005 1219 1195 1258 gradatione.

344 1276 406 1309 Sed
423 1277 590 1308 Diomedes
607 1276 715 1316 ipsene
729 1276 812 1308 illius
833 1276 919 1308 libris
941 1285 1017 1308 usus
1032 1279 1082 1308 est
1096 1286 1135 1308 an
1149 1287 1205 1317 per
1225 1277 1319 1308 alium
1340 1277 1495 1316 quendam
1516 1277 1749 1317 grammaticum
1773 1277 1946 1308 doctrinam

219 1333 404 1370 Quintiliani
425 1333 567 1372 accepit?
608 1337 702 1371 atque
731 1342 799 1364 cum
826 1333 923 1363 multa
944 1333 1153 1369 Quintilianea
1179 1334 1262 1372 apud
1283 1334 1465 1365 Diomedem
1493 1334 1689 1365 inveniantur
1715 1334 1746 1364 in
1769 1343 1805 1364 eo
1835 1334 1947 1372 capite,

220 1398 281 1430 quo
301 1387 360 1421 ‘de
382 1388 679 1429 compositione’
705 1389 868 1421 disseritur
886 1388 929 1429 (p.
940 1389 1012 1429 464,
1030 1390 1071 1421 25
1082 1391 1181 1430 sqq),
1203 1390 1274 1422 hinc
1297 1390 1502 1422 exordiamur.
1544 1390 1685 1422 conferas
1707 1390 1797 1430 enim,
1819 1399 1946 1430 quaeso,

218 1447 312 1479 haec:

341 1621 392 1658 52)
414 1622 450 1650 cf.
472 1621 548 1650 infra
568 1621 599 1650 in
621 1622 679 1650 tab.
700 1620 883 1650 definitiones
905 1621 1077 1658 prolepseos,
1100 1621 1288 1658 epizeuxeos,
1309 1622 1467 1659 polyptoti,
1489 1622 1587 1657 hirmi,
1608 1621 1712 1659 dialyti
1734 1622 1781 1650 vel
1802 1622 1944 1659 asyndeti.

342 1671 393 1709 58)
414 1680 508 1709 neque
528 1671 625 1700 Keilio
646 1671 708 1708 (Gr.
730 1671 778 1700 lat.
797 1671 848 1706 IV,
868 1670 952 1707 XLI)
980 1671 1190 1700 concedendum
1216 1674 1260 1701 est
1285 1672 1371 1700 etiam
1392 1671 1568 1707 Charisium,
1597 1671 1672 1701 sicut
1692 1671 1877 1707 Diomedem,
1905 1673 1947 1701 ita

218 1730 283 1749 cum
305 1720 417 1748 Donato
438 1721 614 1755 consentire,
635 1724 668 1749 nt
688 1730 753 1748 eum
775 1729 812 1748 ex
833 1721 932 1748 eodem
953 1721 1033 1748 fonte
1053 1720 1182 1748 hausisse
1203 1721 1289 1757 plane
1311 1723 1455 1757 appareat.

345 1768 396 1807 54)
417 1772 451 1798 ut
471 1769 557 1806 Verg.
578 1771 613 1798 A.
639 1771 684 1805 12,
709 1771 763 1798 161
787 1778 810 1798 s.
832 1771 852 1798 t.
875 1769 910 1798 de
930 1768 1065 1807 prolepsi.

597 1841 604 1853 ‚
656 1822 684 1853 3,
705 1821 764 1847 359
808 1841 823 1853 ,,
886 1841 902 1853 ,,
934 1822 1092 1855 zeugmate.

587 1889 603 1902 ,‚
635 1870 681 1903 10,
705 1870 763 1897 149
806 1889 822 1903 ,‚
884 1889 901 1903 „
932 1867 1106 1905 hypozeuxi.

588 1940 604 1953 „
658 1920 683 1954 1,
709 1920 743 1947 16
806 1940 823 1953 „
886 1940 902 1953 ,‚
935 1918 1062 1956 syllepsi.

590 1989 606 2002 „
640 1969 685 2002 10,
710 1969 766 1996 180
809 1989 826 2002 ‚,
889 1989 907 2003 „
938 1967 1106 2004 anadiplosi.

590 2038 606 2051 ‚,
655 2019 683 2051 1,
706 2012 766 2045 654
808 2038 824 2052 ,‚
885 2038 903 2052 „
933 2017 1086 2054 anaphora.

589 2087 605 2101 „
655 2069 683 2101 9,
704 2066 762 2094 427
807 2087 824 2101 ‚,
887 2087 905 2101 ,‚
937 2065 1079 2103 epizeuxi.

588 2137 604 2150 „
656 2118 683 2151 4,
704 2117 763 2144 628
806 2137 824 2151 ‚,
885 2137 902 2151 ,‚
933 2115 1093 2153 polyptoto.

511 2186 527 2199 ,‚
590 2186 606 2199 „
658 2167 686 2198 6,
709 2165 767 2192 724
811 2186 828 2199 „
891 2185 908 2198 „
939 2164 1041 2193 hirmo.

511 2234 528 2249 1,
589 2235 606 2248 '2
657 2216 684 2249 4!
707 2215 766 2242 593
809 2235 826 2249 n
888 2235 905 2248 5,
936 2213 1053 2251 didym·
