2183 2514
1026 160 1250 193 —4-

266 255 386 290 obiter'.
429 257 486 289 sed
508 257 599 289 divus
619 256 800 289 Hadrianus
820 254 964 289 ‘tametsi'
989 256 1090 295 inquit
1108 253 1280 300 ‘Augustus
1300 264 1363 287 non
1383 254 1581 295 pereruditus
1602 255 1699 288 homo
1714 238 1818 295 fuerit,
1838 257 1888 288 nt·
1883 247 2012 310 id*-

268 314 409 347 verbium
430 322 492 346 non
513 322 574 346 usu
593 313 699 355 potius
720 322 813 354 quam
833 312 967 345 lectione
987 310 1174 352 protulerit'.
2008 318 2012 330 1

397 373 445 403 11.
476 371 655 403 Priscianus
676 380 706 410 p.
720 371 791 409 547,
812 371 847 402 2:
867 368 984 401 ‘ambio'
1008 369 1048 401 ab
1068 366 1123 401 ‘’eo
1144 369 1349 408 compositum
1371 369 1471 401 solum
1493 369 1625 401 mutavit
1642 366 1864 408 paenultimam
1884 377 1903 403 c
1923 368 1961 409 in
1975 368 2004 409 i;

264 429 377 469 'itaque
397 428 429 460 in
450 425 502 459 ‘io’
526 427 649 468 quidem
671 427 877 460 desinentium
898 426 1038 467 regulam
1060 426 1198 458 servavit
1218 426 1250 458 in
1271 426 1438 467 participio
1459 428 1491 459 et
1510 425 1543 458 in
1564 425 1692 467 supino,
1716 425 1831 467 quippe
1850 425 2012 467 producta.

269 486 475 527 paenultima,
503 485 639 517 ambitus
661 485 778 517 ambIta
798 485 961 523 ambitum,
982 485 1014 515 in
1036 484 1159 516 nomine
1180 486 1285 516 autem
1306 484 1373 516 sive
1393 484 1544 516 vocabulo
1564 484 1620 523 rei,
1639 483 1832 517 differentiae
1851 480 1949 517 causa
1967 482 2003 517 in
2084 531 2088 535 Δ

267 540 324 575 ‘eo'
344 542 576 575 terminantium
597 542 737 581 regulam
758 550 897 581 servans,
923 541 1072 581 corripuit
1091 541 1313 581 paenultimam
1335 541 1470 574 ambitus
1491 559 1532 564 -
1552 543 1587 573 ut
1601 540 1730 573 ovidius
1750 541 1783 573 in
1803 541 1819 573 1
1839 543 2003 573 metamor-
2103 564 2106 566 -
2138 544 2183 577 »εἰ

269 600 411 640 pboseon
433 600 474 639 (v.
489 599 560 638 37):
2122 590 2183 636 '5OE

749 655 846 688 Iussit
867 658 899 688 et
919 655 1055 688 ambitae
1076 656 1267 688 circumdare
1286 655 1379 687 litora
1398 658 1511 694 terrae,
2136 651 2183 723 ἑ]

270 715 416 747 Lucanus
438 714 469 745 in
491 714 507 745 Ι
528 714 571 753 (V.
586 713 690 753 179):-
2153 739 2183 778 Ξ

1013 770 1178 811 letalisque
1199 770 1333 803 ambitus
1354 770 1423 802 urbi
2137 761 2183 816 {³7

749 828 862 859 Annua
883 827 985 859 venali
1006 828 1142 860 referens
1165 828 1334 859 certamina
1354 837 1477 867 camp03
2137 816 2183 877 Ϊξὲἶ

270 887 411 927 quamvis
434 886 599 917 Scaurus
620 885 652 916 in
674 888 806 924 utroque
828 884 959 916 similem
989 893 1061 916 esse
1087 887 1225 916 tenorem
1254 885 1384 924 putavit.
1427 885 1484 916 sed
1506 884 1642 916 Velius
1664 884 1779 916 Celer
1805 883 2002 924 respondeus
2142 875 2183 924 Ῐᾎ

270 943 475 976 Hadriano
496 942 729 982 imperatori
751 950 816 981 per
838 941 1047 981 epistulam
1069 942 1115 973 de
1136 942 1205 973 hoc
1226 941 1490 982 interroganti
1517 941 1726 973 declinatione
1747 944 1779 974 et
1799 944 1908 973 tenore
1926 937 2003 973 ‘am·
2156 923 2183 986 Q:

269 998 362 1033 bitus'
382 1009 493 1031 nomen
516 1008 536 1031 a
556 999 720 1039 participio
741 999 880 1031 ostendit
901 999 1044 1037 discerni,
1064 1000 1146 1038 quod
1168 1008 1228 1030 usu
1248 1008 1378 1039 quoque,
1399 1002 1435 1031 ut
1456 999 1659 1038 ostendimus,
1680 998 1887 1031 confirmatur.
2128 994 2142 1013 Ψ
2154 983 2183 1031 3

395 1057 485 1096 Quod
506 1057 547 1088 ad
569 1056 678 1089 Scauri
698 1056 820 1088 libellos
847 1053 909 1088 ‘de
931 1054 1227 1096 orthographia’
1256 1059 1288 1089 et
1314 1053 1372 1088 ‘de
1399 1056 1555 1088 litteris
1583 1055 1702 1088 novis’
1732 1056 1880 1096 pertinet,
1910 1055 2003 1088 huius
2154 1037 2183 1115 ’ἶ

242 1145 248 1153 ,
268 1114 405 1147 frustula
429 1114 520 1145 nobis
546 1116 672 1145 servata
693 1116 767 1144 sunt
794 1113 954 1153 nulla10),
985 1113 1068 1144 illius
1089 1114 1294 1153 fragmentum
1316 1114 1401 1145 haud
1422 1113 1566 1153 exiguum
1587 1113 1704 1153 optime
1725 1113 1844 1144 editum
1864 1112 1962 1145 habes
1982 1122 2004 1145 a

267 1171 371 1205 xdlio
388 1171 444 1204 Gr.
457 1170 512 1205 lat.
525 1170 600 1210 ἯΙ,
619 1179 650 1211 p.
666 1171 704 1203 11
720 1178 787 1210 sqq.
826 1178 1012 1211 quamquam
1034 1171 1074 1202 de
1094 1171 1153 1202 hoc
1172 1170 1278 1203 libello
1304 1170 1381 1203 mibi
1404 1170 1455 1204 hic
1474 1179 1544 1210 non
1557 1170 1787 1244 disputandum
1801 1172 1866 1211 est,
1894 1165 2001 1204 tamen

253 1220 1014 1270 ·doiisquseeiadditnsunt(p.‚293sqq.‚)
1032 1228 1172 1262 breviter
1189 1229 1546 1283 disaoemopueest.
1691 1245 1692 1248 =

393 1284 572 1318 Clausulam
593 1284 674 1317 enim
694 1284 766 1316 libri
786 1285 828 1316 de
847 1284 1071 1324 orthographia
1091 1284 1185 1317 hane:
1215 1282 1311 1317 'Haec
1331 1287 1407 1317 sunt
1424 1280 1507 1325 quaa
1524 1257 1653 1325 urg'euti
1673 1287 1817 1331 tempore
1922 1275 1932 1282 '
1975 1281 1977 1283 ’
2033 1308 2043 1326 ,-

267 1342 326 1376 tibi
345 1342 378 1375 in
398 1340 578 1383 praesentia
598 1342 701 1382 potui,
733 1341 862 1382 siquid
884 1341 1074 1382 exemplis
1097 1341 1289 1375 defecerit
1309 1342 1371 1375 vel
1393 1337 2017 1385 quaestionibus,sub1umtdr
2015 1334 2040 1353 ’·’

267 1410 340 1433 nam
360 1401 445 1440 quod
465 1400 507 1432 ad
528 1409 594 1431 rem
615 1400 749 1431 maxime
774 1400 922 1438 pertinet,
951 1399 1090 1439 regulam
1111 1397 1222 1438 vides',
1251 1402 1423 1439 sequuntur
1449 1400 1596 1431 nonnulla
1622 1399 1734 1439 quibus
1753 1400 1864 1442 agitur
1885 1400 1927 1432 de
1939 1396 2001 1432 ‘ad-
2035 1401 2037 1404 ’
2061 1394 2082 1401 ”
2110 1405 2112 1407 “

267 1457 374 1491 verbio
396 1456 545 1498 temporis
566 1453 661 1496 ‘cum’‚
683 1456 723 1488 de
744 1455 899 1488 adverbiis
920 1455 970 1489 vel
992 1456 1274 1497 praepositionibus
1295 1456 1455 1498 localibus,
1476 1457 1516 1490 de
1534 1457 1544 1489 i
1566 1459 1598 1489 et
1613 1457 1642 1490 ei
1663 1456 1787 1498 litteris,
1807 1458 1847 1491 de
1861 1457 2002 1499 apicibus
2107 1443 2111 1452 Α

265 1517 449 1548 litterarum.
491 1515 540 1547 cui
567 1514 754 1554 expositioni
782 1514 927 1554 imposita
947 1517 996 1546 est
1017 1515 1117 1546 altera
1139 1515 1291 1546 clausula:
1316 1512 1516 1547 ‘Brevitatem
1537 1516 1630 1547 huius
1651 1513 1756 1547 libelli’
1776 1525 1802 1547 e.
1816 1525 1845 1555 q.
1860 1525 1885 1548 s.
1906 1526 1936 1556 p.
1950 1517 2001 1556 33,

267 1572 399 1605 11-13.
442 1572 521 1603 haec
540 1571 637 1611 igitur
659 1571 762 1603 omnia
782 1580 844 1603 non
866 1574 930 1603 tam
950 1571 1084 1603 Varroni
1105 1580 1197 1611 quam
1219 1571 1348 1611 Scauro,
1375 1571 1462 1604 illum
1484 1575 1607 1612 secuto,
1628 1572 1733 1605 deberi
1755 1564 1863 1605 contra
1882 1572 2001 1606 Usene-

266 1641 334 1663 rum
361 1630 453 1671 (mus.
475 1629 573 1662 Rhen.
594 1630 709 1669 XXIV,
730 1639 760 1669 p.
775 1631 816 1662 94
831 1630 910 1670 sqq.)
940 1630 1045 1662 docuit
1066 1630 1186 1662 Keilius
1208 1630 1260 1662 Gr.
1282 1630 1335 1662 lat.
1357 1631 1431 1670 VII,
1452 1632 1472 1663 9
1487 1640 1532 1670 sq.
1560 1632 1616 1663 sed
1643 1632 1727 1670 quod
1749 1631 1778 1663 ei
1797 1631 1853 1663 illa
1878 1640 1941 1663 non
1962 1640 2001 1664 ex

264 1687 345 1718 libro
364 1684 414 1717 ‘de
435 1683 682 1724 orthographia',
710 1686 768 1716 sed
789 1694 826 1716 ex
847 1685 908 1716 alio
929 1686 982 1724 (ex
1003 1688 1070 1716 arte
1092 1686 1328 1725 grammaticaP)
1354 1686 1499 1717 videntur
1518 1686 1621 1726 petita
1642 1695 1727 1725 esse,
1755 1695 1817 1718 non
1844 1695 1923 1726 opus
1951 1689 2001 1719 est

265 1744 306 1778 de
327 1743 389 1777 alio
411 1742 521 1776 Scauri
540 1742 620 1776 libro
642 1743 789 1784 cogitare,
811 1752 878 1776 cum
900 1743 981 1776 hunc
1002 1743 1236 1784 grammaticum
1257 1744 1360 1785 ipsum
1381 1754 1443 1777 non
1464 1744 1566 1777 minus
1588 1754 1680 1785 quam
1701 1748 1912 1786 excerptorem
1932 1744 2001 1779 eius

264 1802 371 1834 libello
390 1799 440 1833 ‘de
461 1799 695 1840 orthographia:
721 1801 861 1840 singulas
882 1801 1082 1840 quaestiones
1110 1801 1270 1833 addidisse
1297 1801 1431 1840 eluceat,
1459 1802 1492 1833 ni
1512 1802 1618 1841 fallor,
1647 1811 1684 1834 ex
1705 1802 1818 1842 prioris
1840 1802 2000 1835 clausulae

262 1858 367 1892 verbis
387 1856 499 1898 ‘siquid
522 1858 670 1898 exemplis
691 1857 840 1891 defecerit
860 1858 910 1890 vel
931 1858 1173 1899 quaestionibus,
1193 1857 1473 1899 subiungemr’u).

393 1936 443 1972 10)
464 1935 573 1964 mentio
594 1935 628 1964 fit
649 1934 739 1964 semel
754 1934 802 1964 Gr.
817 1935 866 1964 lat.
881 1935 947 1970 VII,
969 1945 996 1972 p.
1014 1938 1061 1970 33,
1082 1937 1134 1964 11:
1154 1930 1339 1965 ‘Brevitatem
1360 1936 1446 1965 huius
1461 1936 1553 1966 libelli
1574 1933 1595 1974 (‘
1596 1938 1631 1966 de
1646 1932 1879 1975 orthographia’)‚
1901 1937 1926 1966 si
1942 1936 1998 1967 fibi

263 1984 418 2018 videbitur,
439 1984 635 2020 adglutinabis
655 1984 682 2011 ei
705 1992 791 2021 quem
813 1984 854 2011 de
876 1984 1023 2012 litteris
1044 1984 1151 2012 novis
1167 1985 1257 2013 habes
1278 1994 1295 2012 a
1315 1994 1361 2013 me
1382 1988 1538 2022 aoeeptum,
1560 1986 1638 2024 quod
1658 1986 1721 2023 ipse
1741 1986 1807 2020 feei,
1829 1985 1898 2024 quia
1911 1981 1999 2014 liuius

262 2031 408 2073 pusillitas
433 2033 488 2063 sub
515 2032 580 2071 ipso
601 2032 751 2062 decentius
776 2031 893 2071 prodire
914 2041 999 2072 quam
1020 2042 1072 2071 per
1093 2042 1124 2062 se
1145 2033 1256 2063 censeri
1277 2030 1406 2072 poterat'
1430 2051 1472 2057 —
1501 2034 1662 2069 Brambaoh
1685 2030 1925 2073 ‘Neugunlmng
1945 2034 1998 2065 der

261 2083 312 2112 lat.
328 2080 551 2120 orthographie'
571 2094 599 2119 p.
616 2086 669 2112 49:
689 2079 770 2111 “Was
789 2083 904 2112 litterae
925 2092 1018 2111 novae
1038 2084 1111 2117 sind,
1132 2084 1218 2113 weiss
1237 2084 1287 2112 ich
1307 2084 1396 2112 nicht.
1438 2084 1599 2113 vieneioht
1613 2086 1720 2113 borant
1739 2084 1833 2112 dieser
1846 2084 1922 2113 'litei
1942 2093 2016 2131 ¹¹²¹?

260 2130 316 2160 auf
332 2130 604 2160 uin-venandum
623 2130 706 2160 einer
725 2131 921 2168 Abkiirmffl
951 2130 1074 2160 Scaurus
1100 2131 1214 2161 schriob
1235 2130 1308 2162 wel.
1337 2140 1423 2171 quem
1444 2132 1480 2161 de
1500 2131 1606 2162 litteris
1626 2132 1782 2163 norinwic
1802 2132 1893 2163 liabeo
1912 2139 1931 2162 α
1950 2141 1999 2163 mo
2020 2165 2021 2168 ,

259 2176 428 2218 aeceptum’.
470 2181 520 2210 sed
548 2180 728 2218 probabilius
756 2184 816 2217 est,
845 2181 923 2220 quod
951 2181 987 2209 de
1008 2181 1092 2210 novis
1117 2181 1223 2211 litteris
1244 2181 1356 2210 Claudii
1383 2181 1565 2220 imperatorie
1586 2183 1770 2220 cogitandum
1790 2181 1853 2212 esse
1873 2179 1999 2227 cohibuit

338 2229 415 2258 kiua.
2020 2254 2031 2258 ,Α

256 2229 338 2266 Μ
390 2278 440 2317 11)
461 2288 536 2319 quae
555 2289 626 2310 vero
647 2288 665 2308 a
685 2278 782 2309 Keilio
803 2288 832 2318 p.
847 2281 896 2316 84,
913 2281 930 2309 ⁶
946 2288 1010 2320 sqq.
1032 2288 1070 2309 ex
1090 2280 1188 2310 codiee
1208 2280 1342 2310 Parisino
1369 2280 1467 2312 addit-
1486 2283 1568 2317 sunt,
1598 2290 1697 2311 comm
1717 2291 1785 2320 pars
1805 2282 1867 2320 (34,
1882 2274 1998 2321 ὄ-ε-ᾘ)

2144 1911 2152 1918 a
2140 1818 2156 1882 ffel*
2138 1774 2142 1781 '
2136 1617 2153 1641 ἶ-
2144 1592 2149 1598 ·
2141 1484 2157 1560 *⁴3⁴⁴*ae

2154 1872 2182 1925 ar*
2146 1415 2183 1861 *JQAEv-..sgbfflmassss
