2183 2514
1229 3 1237 11 κ
1261 0 1441 13 »·’,ν;ι-μψψ.-.τ.μ-*.
1464 0 1466 2 >

1329 17 1331 20 ⁴
1352 12 1375 26 ,κῃ
1418 10 1428 24 ⁴.
1440 10 1446 18 ¹
1461 10 1470 22 ὴ

968 184 1212 219 „34—

1008 279 1170 309 Diomedes.

342 411 477 438 Iunctum
499 412 591 448 igitur·
611 416 677 448 apte
698 413 844 439 conventre
864 413 894 440 et
914 411 977 439 sine
997 412 1079 440 hiatu
1100 412 1254 441 verborum
1275 411 1403 441 construi
1423 404 1521 447 debet,
1542 413 1618 450 quod
1638 421 1697 442 uon
1715 412 1803 443 aliter
1828 412 1967 444 efficitur

217 468 306 497 quam
327 459 352 487 si
373 459 463 489 fuerit
482 460 673 489 observatum.
724 460 775 488 sed
796 460 867 489 haec
888 460 1051 489 observatio
1071 461 1180 497 duplex
1207 463 1266 490 est:
1296 461 1400 496 alters,
1430 470 1504 499 quae
1524 462 1561 490 ad
1580 462 1669 499 pedes
1688 462 1829 499 refertur,
1853 462 1953 499 alters,

218 518 293 546 quae
313 509 351 537 ad
372 509 647 546 conprehensiones,
669 519 743 548 quae
763 510 843 547 ipsae
865 510 1031 539 efficiuntur
1052 519 1089 539 ex
1110 511 1239 547 pedibus.
1281 510 1352 539 item
1366 520 1401 538 ns
1411 511 1602 548 praecedentis
1616 511 1696 540 ver-bn·
1706 515 1832 541 extrema
1847 513 1952 542 vocalis

217 558 340 586 vocalem
359 560 479 596 prt’rnam
501 560 605 587 inlidat
626 559 705 587 ver-bi
722 561 878 596 sequentis,
901 563 934 588 ut
955 560 981 587 si
1002 560 1080 588 dieas
1099 555 1174 588 ‘aere
1195 555 1290 595 emit'‚
1319 556 1373 588 ‘illi
1393 555 1558 595 incumbit',
1586 556 1657 589 ‘fore
1671 557 1775 590 omnia'
1795 564 1825 590 et
1837 561 1951 592 similia.

216 607 280 637 hiat
299 608 378 637 euim
398 608 548 644 iunctura,
568 618 639 647 quoe
662 610 797 637 struetior
818 609 981 647 pleniorque
991 609 1097 647 fieret,
1121 610 1149 637 si
1170 613 1351 638 consonantes
1376 608 1516 638 vocalibus
1530 609 1760 647 nuptam-entur,
1783 605 1857 640 ‘aere
1877 620 1952 641 met-

216 654 320 692 eatur',
339 653 393 685 ‘illi
413 660 491 687 totus
511 655 677 692 incumbit’,
697 654 768 687 ‘fore
789 656 901 687 θεῖοι-α’.
943 659 1034 694 magis
1054 661 1149 687 autem
1170 661 1314 688 structura
1333 660 1430 695 patet,
1457 668 1521 688 eum
1541 659 1573 687 in
1595 668 1625 687 se
1651 659 1752 696 longae
1772 660 1886 689 vocales
1905 660 1952 689 in·

216 706 331 741 sidunt,
353 711 386 736 ut
404 702 524 736 ‘Thebae
536 704 715 744 Aegyptiae',
738 703 870 744 ‘profugo
894 703 1024 736 Aenese‘.
1067 708 1118 736 sed
1138 708 1248 736 habent
1268 707 1411 746 quendam
1432 716 1563 737 canorem
1584 708 1846 745 pronuntiationis,
1867 709 1950 748 quasi

215 756 416 792 neglegentem
438 757 579 785 decorem.
622 758 708 793 longa'
728 757 820 793 magis
837 767 901 785 cum
915 757 998 785 brevi
1010 757 1155 793 iungitur,
1175 753 1250 785 ‘aere
1265 752 1356 791 emit’,
1376 752 1430 785 ‘illi
1444 754 1584 786 incubuit’
1594 779 1601 792 ,
1624 767 1708 795 quam
1721 758 1747 787 si
1761 758 1833 786 duae
1847 758 1950 788 breves

214 805 385 841 iungantur,
404 801 479 834 ‘aere
501 802 628 840 exutus',
654 801 742 834 ‘arma
760 801 883 834 abiecit’.
926 805 1081 842 plurimum
1102 814 1172 834 vero
1193 804 1373 834 auctoritatis
1394 808 1424 834 et
1450 806 1585 842 ponderis
1605 807 1714 835 habent
1733 807 1849 843 longae,
1875 807 1949 836 cele·

215 855 311 884 ritatis
332 857 450 890 breves,
472 865 546 894 quae
567 856 592 884 si
613 856 771 885 miscentur
793 855 963 893 quibusdam
992 855 1101 892 longis,
1130 859 1264 890 currunt3
1290 855 1316 884 si
1337 855 1556 891 continuantur,
1584 856 1723 886 exultant.
1764 866 1844 886 acres
1873 866 1948 896 quae

215 913 253 932 ex
274 905 411 932 brevibus
431 905 468 933 ud
496 905 595 941 longas
623 905 791 940 insurgunt,
821 904 945 932 leuiores
974 914 1048 942 quae
1069 914 1085 932 a
1113 904 1206 940 longis
1226 904 1259 932 in
1287 905 1390 933 breves
1411 905 1598 934 descendunt.
1641 906 1749 942 optime
1769 905 1909 942 incipitur
1930 916 1948 935 a

214 953 324 993 longis,
344 958 422 984 recte
443 954 598 993 aliquando
620 964 637 984 a
652 954 811 990 brevibus,
834 956 867 983 ut
886 949 1004 983 ‘novum
1024 954 1132 983 crimen
1153 953 1187 983 G.
1209 950 1244 983 G?
1269 953 1339 993 (cic.
1361 962 1414 992 pro
1433 953 1499 992 Lig.
1520 955 1575 992 1.),
1602 954 1697 984 leuius
1718 964 1735 984 a
1756 955 1881 991 duabus,
1911 959 1945 986 ut

212 999 412 1033 ‘animadverti
433 1002 551 1033 iudices'
573 1004 643 1040 (Cic.
665 1014 717 1041 pro
739 1004 850 1033 cluent.
872 1004 908 1039 l).
961 1004 1088 1032 clausula
1116 1014 1230 1042 quoque
1252 1013 1268 1032 e
1289 1004 1384 1041 longis
1412 1004 1575 1033 firmissima
1605 1009 1662 1040 est3
1690 1006 1741 1034 sed
1761 1006 1844 1034 venit
1864 1009 1894 1034 et
1913 1006 1946 1034 in

198 1054 325 1091 ‚bi-eves,
348 1053 479 1092 quamvis
499 1054 639 1083 habeatur
659 1053 828 1083 indifferens
849 1053 958 1082 ultima.
1001 1062 1096 1092 neque
1109 1054 1186 1082 enim
1207 1062 1260 1090 ego
1281 1053 1383 1090 ignoro
1404 1053 1436 1082 in
1456 1053 1515 1082 fine
1533 1063 1585 1091 pro
1602 1054 1687 1090 longa
1707 1054 1799 1091 accipi
1819 1055 1946 1090 brevem,

212 1102 281 1139 quia
301 1103 419 1131 videtur
438 1102 549 1141 aliquid
569 1102 700 1131 vacantis
721 1102 858 1139 temporis
879 1111 917 1130 ex
938 1111 988 1136 eo,
1011 1103 1087 1140 quod
1108 1102 1287 1140 insequitur,
1308 1102 1450 1130 accedere.

203 1150 347 1190 sugr'snda
371 1161 477 1190 quoque
499 1156 541 1180 est
566 1155 593 1179 et
619 1160 773 1179 consonans
795 1151 880 1179 inlisa
903 1151 1012 1185 vocali,
1042 1146 1158 1179 ‘bonum
1186 1146 1308 1185 aurum’,
1335 1147 1453 1179 ‘iustum
1479 1150 1556 1179 enim
1583 1147 1631 1180 est’
1664 1154 1694 1180 et
1722 1150 1842 1186 similia,
1871 1160 1945 1190 quae

211 1202 374 1230 deformant
393 1201 531 1229 orationis
551 1201 756 1236 integritatem.
797 1200 868 1228 item
889 1210 925 1227 ea:
944 1201 1170 1233 consonantibus,
1197 1209 1268 1237 quae
1289 1202 1317 1228 iu
1336 1210 1366 1227 se
1391 1200 1541 1228 incide-mes
1562 1201 1681 1228 stridere
1704 1206 1732 1228 ee
1754 1202 1838 1238 quasi
1852 1202 1949 1229 rimari

212 1250 350 1282 unientur,
369 1250 481 1277 vitanda
499 1251 630 1277 iunctura
645 1253 696 1281 est,
721 1251 754 1276 ut
767 1244 881 1276 ‘Sextus
896 1246 1034 1282 Roscius',
1054 1244 1110 1275 ‘ors
1123 1244 1295 1281 studiorum’,
1321 1244 1383 1275 ‘rex
1396 1246 1524 1282 Xerxes,
1546 1244 1637 1276 ‘error
1650 1245 1835 1284 Romuli'ss).
1863 1247 1945 1278 'haec

189 1298 246 1328 'de
265 1298 363 1329 verbis
384 1308 409 1329 e.
431 1309 459 1339 q.
481 1308 504 1328 s.
525 1308 553 1337 p.
569 1298 639 1334 467,
664 1298 827 1333 16-471,
849 1300 896 1327 29.

148 1403 157 1410 ‚,
332 1372 430 1402 Vides
452 1371 548 1410 igitur
575 1379 637 1401 non
666 1379 767 1409 pauca
796 1370 888 1400 modo
914 1370 985 1400 hinc
1013 1369 1105 1400 modo
1133 1369 1218 1400 illinc
1245 1378 1281 1401 ex
1303 1370 1483 1407 Quintiliani
1510 1370 1589 1401 libro
1611 1379 1691 1402 nono
1712 1371 1812 1402 electa
1833 1374 1866 1402 et
1887 1374 1943 1403 aut

206 1429 290 1461 inter
311 1438 346 1461 se
366 1428 438 1469 ipsa
458 1427 622 1461 coniuncta
642 1429 698 1460 aut
724 1426 795 1460 aliis
816 1426 925 1467 paucis
952 1425 1145 1466 interpositis
1174 1426 1298 1466 prolata
1325 1435 1405 1459 esse.
1453 1436 1491 1459 ex
1518 1427 1557 1459 iis
1578 1436 1668 1468 vero,
1697 1436 1777 1468 quae
1799 1428 1942 1461 Diomedi

206 1495 277 1519 cum
297 1486 491 1524 Quintiliano
512 1485 686 1517 communia
707 1494 768 1516 non
790 1487 880 1523 sunt,
912 1484 1064 1516 nonnulla
1084 1484 1244 1515 iterantur
1265 1484 1350 1524 apud
1369 1484 1578 1516 Isidorum.
1627 1485 1733 1525 itaque
1752 1486 1784 1517 in
1806 1486 1865 1518 hoc
1889 1483 1940 1518 ‘de

205 1541 435 1584 compositione'
459 1543 561 1583 capite
581 1551 712 1582 prorsus
734 1542 842 1574 eadem
864 1542 1047 1574 observatur
1068 1541 1148 1573 ratio
1170 1550 1207 1573 ac
1228 1550 1257 1581 p.
1274 1541 1346 1581 448,
1368 1542 1407 1574 12
1424 1550 1491 1582 sqq.
1513 1551 1538 1574 s.
1554 1545 1576 1574 t
1596 1539 1645 1574 ‘de
1662 1542 1865 1583 gradatione),
1886 1543 1939 1575 ubi

205 1601 371 1633 Diomedes
401 1601 476 1633 item
502 1599 616 1640 partim
646 1608 715 1631 cum
749 1599 955 1637 Quintiliano,
990 1598 1105 1638 partim
1133 1606 1201 1630 cum
1231 1599 1368 1637 Isidoro,
1404 1599 1518 1638 partim
1547 1608 1615 1631 cum
1644 1602 1755 1631 neutro
1784 1600 1939 1632 consentit

203 1658 255 1699 (cf.
277 1658 366 1698 tab.).

325 1716 393 1747 Hoc
420 1714 574 1755 quomodo
602 1714 818 1753 explicandum
847 1715 919 1745 est?
959 1713 1100 1744 Isidorus
1127 1712 1331 1752 exscripsitne
1360 1713 1565 1744 Diomedem?
1605 1716 1637 1745 et
1665 1714 1832 1745 Diomedes
1861 1724 1935 1746 num

204 1774 359 1813 excerpsit
386 1773 490 1812 ipsum
521 1772 765 1809 Quintilianum?
807 1780 1005 1809 consensum,
1036 1771 1088 1810 qui
1118 1770 1200 1802 inter
1227 1770 1382 1802 Isidorum
1413 1774 1445 1803 et
1466 1771 1647 1803 Diomedem
1667 1772 1844 1811 intercedit,
1875 1782 1938 1805 non

200 1830 275 1862 inde
295 1833 398 1861 ortum
420 1838 508 1868 esse,
528 1829 612 1868 quod
632 1828 685 1860 ille
706 1828 798 1860 huius
820 1830 888 1859 arte
910 1827 1113 1867 grammatica
1134 1836 1211 1859 usus
1233 1827 1291 1866 sit,
1312 1827 1387 1859 mihi
1404 1836 1590 1867 persuasum
1611 1831 1669 1860 est.
1711 1829 1833 1861 etiamsi
1855 1830 1937 1861 euim

201 1887 367 1925 episcopus
388 1886 577 1925 hispalensis
598 1886 630 1916 in
652 1886 746 1915 rebus
774 1884 967 1923 explicandis
996 1884 1207 1923 grammaticis
1235 1887 1360 1923 praeter
1380 1884 1552 1922 Donatum,
1579 1894 1670 1924 quem
1697 1886 1838 1924 pluribus
1859 1887 1937 1918 locis

199 1943 298 1986 (orig.
318 1943 343 1983 1,
365 1944 402 1984 63
423 1943 473 1984 33,
490 1943 528 1983 43
549 1942 599 1982 37,
617 1943 644 1975 1.
676 1941 716 1982 H,
736 1942 787 1982 21,
803 1942 837 1983 1)
866 1940 1006 1974 nominat
1034 1943 1066 1973 et
1094 1949 1225 1982 quocum
1255 1940 1354 1974 multo
1384 1940 1511 1982 saepius
1542 1941 1583 1974 ad
1612 1941 1739 1975 verbum
1769 1942 1935 1984 conspirat,

198 2001 330 2033 aliorum
351 2010 475 2041 qnoque
502 2000 773 2040 grammaticorum
794 2000 881 2031 libris
908 2008 985 2030 usus
1007 2002 1072 2037 est,
1098 1999 1258 2031 Diomedis
1285 2002 1389 2031 tamen
1409 1996 1527 2031 ‘artem’
1558 2000 1739 2032 adhibuisse
1767 2003 1936 2040 propterea

325 2094 378 2133 55)
398 2094 434 2124 cf.
456 2096 486 2123 et
515 2092 637 2125 Quintil.
653 2091 716 2128 IX,
737 2095 771 2128 4,
793 2092 846 2121 37:
876 2087 1012 2121 ‘ceterum
1033 2093 1221 2121 consonantes
1242 2100 1371 2130 quoque,
1400 2100 1554 2131 earumque
1582 2092 1737 2131 praecipue
1764 2102 1838 2132 quse
1851 2096 1935 2123 >sunt

195 2144 370 2181 asperiores,
390 2143 424 2171 in
444 2143 629 2171 commissura
648 2143 803 2170 verborum
822 2142 966 2174 ruz-antur,
990 2144 1024 2169 ut
1044 2141 1070 2169 si
1086 2150 1100 2169 s
1120 2141 1224 2169 ultima
1243 2150 1308 2169 cum
1323 2150 1344 2168 x
1361 2141 1493 2177 proxima
1513 2142 1660 2179 confligat,
1680 2140 1802 2180 unarum
1822 2143 1934 2172 tristior

190 2192 300 2228 rotium,
319 2191 346 2221 si
366 2191 453 2221 binae
473 2190 661 2226 collidantur,
689 2189 795 2217 sennar
815 2191 875 2224 est,
895 2191 930 2217 ut
948 2184 1007 2217 ‘ars
1026 2185 1199 2217 :mator-ud.
1218 2203 1261 2209 —
1289 2188 1378 2216 simili
1398 2189 1482 2217 modo
1502 2189 1590 2219 etiam
1609 2190 1642 2219 iu
1655 2190 1843 2230 sequentibus
1856 2192 1935 2228 apud
1955 2211 1958 2213 Α

195 2242 366 2280 Diomedem
386 2241 471 2271 nobis
491 2243 646 2271 occurrunt
666 2238 842 2277 Quintiliani
868 2238 1006 2276 vestigia,
1025 2241 1060 2268 ut
1079 2248 1107 2276 p.
1125 2239 1196 2274 46⁷,
1217 2240 1256 2267 2³
1274 2247 1333 2278 sq.:
1361 2238 1461 2269 Cicero
1486 2239 1520 2269 in
1540 2239 1700 2269 Antonium
1718 2235 1860 2284 ‘vomens’q
1875 2243 1932 2271 ost.
1979 2278 1980 2281 Ἰ

193 2292 234 2320 01.
255 2290 380 2321 Quintil.
396 2290 452 2326 IX,
473 2293 503 2325 4,
525 2292 581 2325 44;
601 2289 734 2318 Diomed.
752 2290 823 2324 468,
846 2290 877 2317 1:
900 2287 1002 2316 Omnis
1021 2290 1118 2317 sutem
1138 2290 1282 2316 structura
1301 2290 1356 2317 oet.
1377 2288 1413 2317 οί.
1436 2287 1536 2319 Quint.
1558 2288 1578 2317 l.
1599 2288 1619 2318 l.
1640 2291 1698 2318 4⁵:
1720 2289 1822 2319 Omni·
1840 2292 1957 2320 ustus-³
1992 2298 2007 2314 'v
