2183 2514
969 188 1218 220 -14—

411 282 566 311 Palaemon
574 293 581 310 :
1011 283 1178 311 Diomedes:
1589 281 1774 328 Oominianua
1782 292 1789 310 :

1932 327 1940 337 Χ

818 347 903 375 facile
924 348 1119 376 dinoscuntur.
1163 356 1228 374 nam
1248 349 1278 374 et
1296 355 1363 374 eon·
1414 346 1500 375 facile
1521 346 1717 375 dinoscuntur.
1759 355 1826 374 nam
1847 349 1877 375 et
1892 338 1962 375 oon-

819 396 982 424 iunotiones
1004 406 1055 433 pro
1071 396 1135 424 aliis
1156 394 1364 424 coniunctioni·
1415 395 1579 424 iuuctiones
1599 404 1651 432 pro
1671 395 1735 424 aliis
1751 395 1961 424 coniunctioni-

819 446 873 473 bus
887 446 999 481 positae
1015 445 1204 474 inveniuntur
1219 446 1362 481 potestate
1414 445 1469 472 bus
1490 445 1601 481 positae
1616 444 1805 473 inveniuntur
1818 446 1962 481 potestate

222 498 291 531 225,
306 498 357 524 29:
380 494 548 524 relativae
571 495 609 523 ad
627 494 768 533 aliquid,
820 498 937 524 mutata.
979 498 1062 523 sunt
1074 494 1161 523 aliae
1177 493 1216 522 ad
1232 493 1364 532 aliquid
1416 490 1554 531 mutata'.)

222 549 258 574 ut
279 546 416 573 Plinius
442 545 503 579 ait,
533 545 607 573 sive
635 553 769 581 compa-

222 594 355 623 rativae
392 594 466 621 hae:
508 594 616 629 magis
650 593 769 630 potius

221 644 339 676 immo,
360 644 395 671 in
417 644 507 671 hunc
528 644 672 671 modum:
702 638 770 671 ‘hic

221 696 290 727 eat,
309 691 477 720 immoille
492 688 769 728 velpotiusille’.

222 742 310 769 idem
332 742 383 769 ait
403 740 540 768 Plinius
561 744 770 776 potestatem

222 789 649 825 haberecomparanditam
661 798 770 827 quam;

224 840 283 868 sed
312 839 394 867 haec
420 839 585 867 adverbia
608 838 771 867 videntur

225 889 333 923 magis
355 887 613 921 similitudinis,
635 891 672 915 ut
692 883 770 916 ‘tam

225 946 324 974 quam
346 937 455 964 bonus
477 932 615 965 amieus’
637 940 671 976 et
691 932 770 964 ‘tam

820 544 1002 579 relativae,
1033 548 1071 572 ut
1098 544 1146 572 ait
1174 543 1262 571 idem
1293 543 1364 571 Pli-

820 593 912 628 nius,
928 593 1002 621 sive
1018 592 1285 630 comparativae:
1299 600 1365 620 ma·

822 642 874 678 gis
906 643 1025 679 potius
1059 643 1169 676 immo,
1206 642 1241 669 in
1276 642 1366 669 hune

822 692 969 719 modum:
997 687 1067 719 ‘hic
1088 694 1154 725 eat,
1184 690 1282 718 immo
1305 689 1366 718 ille

821 740 881 768 vel
917 740 1030 776 potius
1066 735 1148 767 ille'.
1190 739 1279 766 idem
1315 739 1368 766 ait

822 789 1040 825 comparandi
1071 790 1278 824 potestatem
1308 788 1366 815 ha-

821 839 903 865 bere
918 842 985 866 tam
1002 847 1109 876 quam.
1142 837 1199 865 sed
1216 837 1299 865 haec
1315 837 1367 865 vi-

822 888 948 915 dentur
963 887 1128 914 adverbia
1144 886 1251 921 magis
1272 886 1366 914 simi-

822 935 997 969 litudinis,
1026 939 1064 963 ut
1090 931 1169 964 ‘tam
1191 944 1288 973 quam
1309 936 1366 963 bo-

175 1133 179 1140 “
227 1130 334 1172 quam’.
356 1149 396 1154 —

225 986 288 1014 ille
311 995 407 1024 quam
429 982 505 1014 hic’.
548 994 617 1014 sane
639 990 668 1014 et
684 986 773 1014 habet
823 995 886 1013 nus
902 981 1042 1013 amicus’
1058 988 1091 1013 et
1103 980 1181 1013 'tam
1196 984 1259 1013 ille
1271 995 1368 1022 quam

226 1035 409 1071 comparandi
425 1037 596 1071 potestatem
612 1044 705 1073 quam,
722 1035 772 1063 ubi
823 1030 899 1062 hie’.
921 1051 963 1055 —
1392 1024 1394 1075 ⁴

226 1085 333 1113 dieitur
373 1080 549 1121 ‘antequam‘
595 1087 624 1112 et
658 1080 772 1113 ‘melius
1392 1078 1395 1149 ι

353 1196 607 1227 Demonstratum
631 1199 680 1228 est
701 1197 784 1236 quod
806 1196 1080 1228 demonstrandum
1103 1198 1185 1234 erat,
1213 1195 1393 1228 Diomedem
1422 1197 1552 1228 duorum
1574 1198 1733 1228 auctorum
1755 1195 1964 1237 (Palaemonis

230 1257 263 1286 et
292 1254 478 1294 Geminiani)
510 1254 681 1285 doctrinam
710 1254 955 1292 contaminasse3
987 1256 1150 1292 praeterea
1180 1253 1266 1284 tertii
1294 1253 1454 1285 cuiusdam
1484 1253 1619 1285 auctoris
1648 1254 1781 1293 vestigia
1811 1256 1964 1293 apparent

228 1310 396 1351 praecipue
418 1310 449 1341 in
471 1310 560 1341 initio
582 1313 614 1341 et
636 1310 694 1341 sub
714 1310 815 1349 finem,
837 1310 889 1341 ubi
911 1310 951 1341 ad
973 1310 1099 1341 verbum
1122 1310 1275 1341 consentit
1296 1318 1365 1341 cum
1387 1311 1519 1342 Donato.
1561 1310 1630 1350 pari
1644 1310 1737 1342 modo
1753 1319 1804 1342 res
1820 1310 1964 1342 sehabet

229 1369 314 1409 apud
336 1367 516 1400 Diomedem
539 1377 569 1407 p.
585 1368 656 1407 303,
672 1368 824 1407 30—308‚
839 1368 868 1406 5,
891 1367 942 1399 ubi
963 1367 1113 1407 imprimis
1136 1377 1205 1399 eum
1227 1368 1475 1407 grammaticum,
1495 1367 1545 1399 cui
1566 1367 1725 1400 charisius
1747 1367 1840 1400 debet
1860 1368 1965 1400 omnia

229 1435 309 1466 quae
330 1435 361 1465 p.
378 1426 447 1464 148,
465 1425 625 1464 15—150,
640 1426 681 1456 20
709 1425 747 1456 de
769 1426 905 1457 ablativo
933 1434 1008 1456 casu
1034 1425 1186 1464 singulari
1213 1424 1360 1464 explicat,
1389 1428 1545 1457 auctorem
1572 1427 1697 1457 secutus
1724 1427 1788 1464 est3
1819 1425 1853 1457 id
1881 1425 1964 1465 quod

229 1483 363 1515 elucebit
384 1482 505 1514 collatis
527 1482 577 1513 his
597 1483 690 1526 locis:

619 1524 784 1571 Diomedes
801 1540 872 1578 303,
887 1540 1010 1571 31—32

1099 1541 1130 1570 et
1151 1539 1269 1570 Charis.
1286 1539 1354 1577 148,
1372 1539 1502 1570 15—17.

802 1597 873 1635 303,
887 1597 1072 1636 37-304,1
1104 1621 1121 1636 ,‚
1287 1596 1501 1635 148‚18-19.

802 1655 873 1692 304,
890 1655 1012 1685 16-25
1287 1654 1355 1691 148,
1371 1654 1502 1686 19—26.

801 1712 872 1749 304,
886 1712 1010 1743 27—34
1287 1712 1355 1750 148,
1369 1712 1501 1744 27—33.

802 1771 872 1808 305,
907 1770 1010 1801 9—22
1105 1794 1121 1808 ‚‚
1285 1771 1355 1808 148,
1370 1770 1524 1809 34—149,
1539 1772 1568 1802 9.

803 1827 873 1865 305,
889 1828 1042 1865 25—306,
1056 1828 1078 1858 4
1106 1851 1123 1865 ‚‚
1287 1827 1503 1865 149‚13—25.

803 1884 874 1923 307,
911 1885 1011 1916 7—-17
1107 1909 1123 1923 „
1287 1885 1357 1923 149,
1371 1885 1523 1924 26—150,
1537 1884 1566 1917 5.

805 1942 875 1981 307,
890 1942 1044 1980 24-308,
1061 1943 1075 1972 1
1106 1966 1124 1980 ‚‚
1287 1943 1355 1981 150,
1390 1943 1501 1974 9—20.

231 2008 269 2032 ac
291 2008 331 2031 ne
352 1999 421 2039 quis
443 1999 523 2030 forte
544 2001 635 2038 putet
656 1998 837 2030 Diomedem
859 2001 958 2030 totum
980 1999 1057 2030 illud
1080 2001 1175 2038 caput
1196 1999 1248 2030 uni
1270 1999 1382 2031 debere
1403 2000 1536 2039 auctori,
1565 1999 1652 2031 cuius
1681 1999 1853 2039 disputatio
1880 2000 1966 2040 apud

231 2057 407 2089 Chai-isium
427 2056 563 2088 fortasse
584 2065 646 2088 non
667 2056 790 2096 integra
812 2058 937 2088 servata
959 2056 1015 2095 sit,
1035 2056 1222 2088 monendum
1243 2058 1293 2088 est
1313 2056 1446 2089 Charisii
1467 2056 1685 2097 Diomedisque
1706 2058 1862 2089 auctorem
1884 2066 1965 2089 com-

229 2124 357 2147 munem
379 2117 496 2147 certam
518 2106 694 2147 disserendi
714 2113 845 2145 formam
865 2114 1046 2145 adhibuisse
1068 2113 1252 2154 singuhaeme
1273 2114 1369 2146 verba
1388 2114 1453 2146 fere
1468 2123 1591 2154 semper
1606 2115 1646 2146 ad
1662 2124 1756 2146 unum
1772 2114 1965 2155 eundemque

232 2173 374 2204 ordinem
400 2172 585 2212 protulisse,
615 2172 648 2203 id
670 2172 752 2211 quod
778 2172 818 2203 iis
839 2172 1086 2211 demonstratur,
1116 2181 1197 2212 quae
1225 2173 1309 2211 apud
1329 2171 1503 2204 charisium
1525 2175 1557 2205 et
1576 2172 1757 2204 Diomedem
1777 2172 1818 2205 ad
1838 2172 1967 2205 verbum

233 2230 442 2269 consentiunt,
454 2232 498 2261 -ut
519 2229 660 2262 Diomed.
674 2229 745 2268 305,
760 2230 801 2262 25
818 2238 884 2269 sqq,
904 2244 946 2255 =
967 2229 1085 2261 Charis.
1101 2230 1171 2268 149,
1187 2230 1226 2261 13
1241 2238 1322 2269 sqq.,
1352 2232 1384 2261 et
1403 2229 1544 2261 Diomed.
1558 2230 1629 2269 307,
1643 2230 1685 2262 24
1698 2238 1765 2270 sqq.
1785 2244 1827 2257 =
1847 2229 1967 2262 Charis.

235 2287 305 2327 150,
319 2288 339 2318 9
354 2297 420 2327 sqq.
442 2287 551 2326 incipit
573 2288 654 2318 enim
675 2287 847 2318 secundum
874 2290 1038 2325 utrumque
1058 2287 1090 2317 in
1111 2289 1244 2326 utroquo
1263 2286 1332 2318 loco
1354 2287 1404 2318 his
1425 2287 1542 2318 verbis:
1571 2284 1712 2319 'Nomina
1732 2295 1812 2327 quae
1832 2286 1969 2319 ablativo

2148 1429 2151 1431 ,
2165 1421 2183 1445 '34

2166 1450 2183 1482 :23

2151 1486 2183 1531 τις

2160 1538 2183 1571 [⁸31³

2162 1749 2183 1781 m*
2159 1576 2183 1743 iff-:J1tffiiz'ssfffl
