2183 2514
962 194 1109 231 —v35
1159 213 1209 217 —

987 290 1192 323 Quintilianus.

182 357 190 375 ·.
215 340 509 379 *minuissem-niteat
528 338 686 380 praetorisss
707 341 820 380 reliqua
840 342 871 380 (L
893 341 912 371 1.
935 341 951 380 5
970 341 1052 379 124).
1093 341 1133 371 sit
1161 344 1277 379 aperta,
1306 343 1339 370 ut
1359 340 1491 377 intellegi
1513 339 1622 378 possit,
1651 350 1710 370 non
1731 340 1897 376 immodice,
1918 342 1955 370 nt

209 392 359 424 memoria
379 391 529 422 contineri.
572 391 603 430 (1.
624 391 643 420 l.
667 390 684 430 5
703 392 783 430 125.)

346 441 425 471 Illud
444 439 716 479 promontorio,
745 440 818 469 scire
845 440 896 468 ubi
927 449 1042 479 quoqne
1063 449 1167 477 genere
1188 440 1403 477 compositionis
1423 439 1463 468 sit
1482 439 1629 468 utendum.
1671 448 1705 467 es
1726 439 1835 476 duplex
1855 440 1954 468 obscr-

223 490 303 520 vatio
324 492 385 520 est:
405 489 510 526 alters,
531 499 605 529 quac
625 489 662 518 ad
681 489 769 527 pedes
790 489 927 525 refertur,
954 489 1045 519 altere
1066 499 1140 528 quae
1158 490 1197 518 od
1218 489 1453 527 conprensiones,
1480 498 1554 527 quae
1575 488 1742 517 efficiuntur
1762 498 1800 517 ex
1820 489 1956 526 pedibus,

224 540 257 578 (l.
277 540 298 569 l.
320 539 337 578 5
356 541 433 576 121).

224 588 306 627 (leid.
320 588 363 624 11,
385 591 432 624 19,
453 591 487 617 2:
507 588 663 623 Inlita-n,
687 593 718 616 ut
738 590 870 617 iunctura
890 592 959 626 apta
979 593 1008 616 el
1027 589 1191 617 conveniens
1205 590 1260 616 sit.-
1283 592 1312 616 et
1327 589 1369 616 sic
1385 587 1595 621 observamur,
1615 596 1649 615 ne
1667 588 1858 625 praecedes&
1875 587 1956 616 verbi

223 643 348 670 atr-ema
369 638 474 667 vocalis
495 640 523 666 in
544 638 656 667 eandem
677 639 798 666 vocalem
815 639 936 675 primam
956 638 1064 666 incidat
1083 637 1163 666 verbi
1179 639 1332 675 sequentis,
1358 643 1390 665 nt
1407 633 1536 676 :feminae
1556 633 1737 674 Aegyptiae’:
1769 646 1840 675 quae
1859 642 1952 665 struc-

225 693 291 716 tura
312 688 409 716 molior
420 687 472 724 fit,
496 688 524 714 si
542 691 723 715 consonantes
743 686 885 714 vocalibus
905 687 1110 723 applicantur.)

752 833 906 872 plurimum
928 834 1018 871 igitur
1038 834 1231 869 auctoritatis,
1253 837 1286 863 ut
1306 834 1385 869 dixi,
1406 838 1436 863 et
1456 834 1591 871 ponderis
1613 834 1721 863 habent
1740 834 1858 871 longae,
1879 834 1955 863 cele-

225 884 320 913 ritatis
340 885 460 913 breves:
481 893 555 922 quae
569 884 594 912 si
611 884 767 913 miscentur
787 884 956 921 quibusdam
977 883 1085 919 longis,
1107 887 1237 918 currunt,
1259 884 1283 912 si
1305 884 1516 919 continuantur,
1538 884 1679 912 exultant.
1721 893 1801 912 acres
1821 893 1895 922 quse
1916 894 1954 912 ex

226 932 364 962 brevibus
394 933 430 961 nd
460 933 560 970 longas
587 932 752 969 insurgunt,
781 932 906 961 leniores
934 942 1007 971 quae
1036 941 1053 960 n
1080 932 1174 969 longis
1202 932 1234 961 in
1260 933 1362 961 breves
1391 933 1575 961 descendunt.
1633 932 1741 970 optime
1768 932 1909 970 incipitur
1937 942 1954 961 a

226 982 336 1020 longis,
365 985 443 1012 recte
471 982 626 1021 aliquando
647 992 663 1012 a
684 982 832 1018 brevibus,
862 985 895 1012 nt
920 977 1036 1012 ‘novum
1065 978 1196 1011 crimen’:
1226 983 1320 1011 lenius
1341 993 1358 1011 a
1378 983 1488 1011 duabus
1515 982 1669 1018 brevibus,
1697 986 1730 1012 nt
1750 978 1952 1012 ‘animadverti

225 1028 358 1067 iudices’,
380 1032 431 1060 sod
451 1032 505 1060 hoc
526 1041 578 1069 pro
599 1031 731 1061 cluentio
752 1035 842 1066 recto,
871 1031 939 1070 qnia
959 1031 1076 1059 initium
1098 1031 1159 1058 eius
1181 1032 1331 1068 partitioni
1356 1031 1449 1060 simile
1470 1035 1529 1066 est,
1561 1041 1634 1069 qnae
1662 1032 1809 1060 celeritate
1837 1033 1952 1069 gaudet.

227 1081 354 1110 clausula
375 1090 489 1120 quoque
510 1090 526 1109 e
547 1081 639 1117 longis
661 1080 822 1109 firmissima
843 1084 900 1115 est,
922 1081 972 1109 sed
993 1080 1075 1108 venit
1097 1083 1126 1108 et
1145 1080 1177 1108 in
1198 1082 1313 1116 breves,
1341 1081 1472 1118 quamvis
1493 1082 1632 1109 habeatur
1650 1081 1821 1110 indifferens
1841 1081 1952 1110 ultima.

226 1138 321 1168 neque
346 1129 424 1158 enim
455 1139 507 1165 ego
528 1129 629 1165 ignoro
656 1129 688 1157 in
708 1129 766 1157 fine
787 1138 839 1166 pro
859 1129 945 1165 longa
966 1128 1058 1164 accipi
1079 1129 1209 1162 brevem,
1241 1129 1308 1167 quia
1328 1130 1443 1157 videtur
1463 1129 1574 1167 aliquid
1595 1129 1724 1157 vacantis
1752 1130 1890 1167 temporis
1917 1140 1956 1158 ex

227 1188 277 1214 eo,
300 1179 376 1217 qnod
396 1178 573 1217 insequitur,
595 1179 727 1207 accedere
749 1178 780 1216 (l.
801 1178 821 1207 l.
844 1177 986 1215 91-93).
1030 1177 1110 1215 (Isid.
1133 1177 1151 1206 l.
1173 1177 1192 1207 l.
1216 1180 1350 1216 triumque
1371 1179 1597 1213 consonantium,
1621 1188 1691 1216 quae
1711 1180 1741 1207 in
1757 1188 1788 1207 se
1801 1180 1956 1208 :sementes

226 1229 346 1256 stridere
366 1232 395 1255 et
414 1229 498 1264 quasi
516 1228 615 1255 rixari
634 1228 774 1260 videntur,
799 1228 911 1255 vitanda
933 1228 1062 1254 iunctura
1083 1231 1141 1260 est,
1165 1227 1195 1254 id
1215 1232 1257 1254 est
1276 1237 1291 1254 r
1312 1237 1326 1254 s
1346 1238 1386 1260 z,
1415 1232 1446 1254 ut
1463 1223 1522 1255 ‘ars
1542 1225 1715 1261 studiorum’,
1739 1224 1801 1255 ‘ret
1821 1225 1951 1262 Χεητὲ,

226 1272 317 1305 ‘error
337 1271 465 1304 Romuli'.
501 1275 643 1314 fugaebnda
665 1280 708 1303 est
726 1284 883 1303 consonans
903 1284 929 1302 m
951 1275 1027 1303 illisa
1049 1275 1200 1309 vocalibus,
1225 1280 1256 1303 ut
1274 1271 1376 1303 ‘verum
1397 1271 1502 1314 em'm'.)

228 1408 289 1430 non
317 1401 438 1438 potest,
467 1398 550 1437 quod
578 1406 640 1428 non
670 1399 719 1428 est
748 1396 893 1428 credibile
914 1397 1067 1428 Isidorum
1089 1406 1142 1435 ea,
1172 1406 1251 1436 quae
1272 1397 1324 1428 lib.
1340 1397 1380 1436 11,
1405 1398 1443 1428 18
1463 1406 1528 1437 sqq.
1569 1395 1619 1428 ‘de
1639 1397 1724 1437 colo,
1750 1402 1902 1430 commate
1923 1402 1957 1430 et

227 1454 361 1496 periodo’
385 1464 422 1487 ac
440 1452 490 1487 ‘de
510 1455 594 1487 vitiis
615 1455 787 1486 litterarum
807 1457 839 1486 et
864 1454 1027 1486 verborum
1049 1457 1081 1486 et
1109 1455 1332 1487 sententiarum
1360 1455 1516 1487 cavendis'
1545 1455 1681 1487 breviter
1702 1456 1887 1496 disputavit,
1916 1467 1956 1488 ex

228 1513 386 1545 Diomedis
407 1514 475 1544 arte
495 1512 711 1551 grammatica,
733 1512 786 1543 ubi
806 1512 861 1543 illa
881 1512 913 1542 in
933 1512 1035 1550 capite
1055 1509 1104 1543 ‘de
1125 1512 1356 1551 compositione'
1378 1513 1483 1543 multis
1504 1512 1582 1543 locis
1603 1513 1749 1552 dispersa
1776 1517 1866 1554 sunt,
1894 1515 1957 1546 col-

228 1570 344 1609 legisse
364 1573 397 1601 et
416 1570 462 1602 ita
482 1570 662 1602 Diomedem
684 1569 894 1608 exscripsisse,
915 1571 950 1600 ut
971 1578 1122 1609 nusquam
1138 1569 1354 1608 Quintilianea,
1377 1570 1432 1601 sed
1454 1579 1492 1601 ea
1505 1572 1638 1608 tantum,
1658 1579 1739 1610 quae
1759 1571 1822 1602 illis
1836 1572 1958 1603 intexta.

230 1629 316 1666 sunt,
343 1627 583 1667 transcripserit.
633 1626 752 1658 accedit
780 1626 864 1666 quod
891 1625 1059 1658 Diomedes
1089 1626 1137 1658 vel
1166 1626 1232 1658 eius
1263 1629 1371 1658 auctor
1397 1627 1526 1666 librum,
1555 1636 1616 1666 quo
1637 1627 1777 1660 Isidorus
1798 1638 1876 1661 usus
1898 1632 1958 1668 est,

230 1684 325 1716 semel
343 1684 467 1716 disertis
484 1684 586 1716 verbis
601 1681 683 1715 ‘alii
698 1681 767 1715 sic'
783 1685 1010 1715 commemorat.
1041 1692 1080 1715 an
1096 1686 1188 1723 putas
1203 1683 1355 1715 Isidorum
1371 1693 1408 1715 ex
1422 1684 1573 1716 Diomede
1587 1684 1627 1716 de
1641 1684 1797 1717 industria
1808 1683 1959 1718 ‘aliorum’

229 1741 463 1782 explicationem
484 1741 700 1782 excerpsisse?
741 1741 824 1773 unde
844 1741 874 1773 ei
888 1743 994 1773 notum
1008 1740 1081 1780 fuit,
1103 1743 1207 1773 cetera
1220 1750 1355 1781 quoque,
1376 1750 1455 1781 quae
1469 1750 1507 1773 ex
1520 1741 1580 1773 hoc
1594 1743 1796 1781 grammatico
1814 1744 1958 1784 sumpsit,

228 1796 375 1831 ‘aliomm’
396 1808 481 1839 esse,
503 1808 572 1831 cum
592 1799 758 1831 Diomedes
779 1799 833 1830 illo
854 1808 916 1830 uno
934 1798 1004 1830 loco
1025 1802 1154 1838 excepto
1174 1796 1271 1830 ‘alios’
1299 1808 1451 1838 nusquam
1473 1800 1634 1831 nominet?
1675 1800 1732 1832 sed
1752 1800 1822 1833 luce
1843 1801 1958 1833 clarius

230 1859 280 1889 est
300 1856 455 1888 Isidorum
476 1865 537 1888 non
559 1865 597 1888 ex
618 1856 782 1895 Diomede,
810 1856 866 1888 sed
888 1865 926 1887 ex
946 1855 1120 1896 antiquiore
1141 1856 1239 1895 fonte,
1271 1856 1302 1887 in
1331 1865 1392 1896 quo
1420 1856 1476 1888 illa
1503 1856 1714 1894 Quintilianea
1744 1867 1806 1890 non
1835 1858 1959 1891 exhibe-

229 1913 358 1952 bantur,
378 1912 590 1953 hausisseu).

233 2010 299 2035 tura
320 2010 389 2043 θεῇς
410 2006 541 2035 Diomed.
558 2008 628 2041 468,
650 2009 668 2033 9
685 2015 727 2043 sq.
750 2005 819 2042 (Cic.
841 2014 893 2041 pro
914 2005 975 2033 Mil.
994 2008 1027 2041 1;
1048 2014 1099 2041 pro
1121 2005 1231 2033 Cluent.
1252 2008 1282 2039 1;
1304 2005 1336 2033 in
1357 2005 1453 2033 Pison.
1476 2006 1503 2041 1)
1524 2007 1560 2034 cf.
1578 2006 1613 2036 Q.
1636 2007 1655 2034 1.
1677 2007 1695 2034 1.
1719 2007 1775 2044 74;
1798 2009 1845 2036 76.
1867 2008 1960 2036 Diom.

237 2056 306 2090 468,
329 2056 366 2083 12
395 2054 511 2092 (Salust.
533 2054 597 2091 Iug.
617 2053 646 2090 l)
673 2054 709 2083 cf.
731 2052 767 2084 Q.
789 2054 809 2083 1.
830 2054 850 2082 1.
870 2053 917 2082 77.
946 2052 1040 2082 Diom.
1056 2055 1125 2088 468,
1149 2055 1200 2082 16:
1227 2048 1266 2082 ‘in
1297 2053 1493 2083 conlocatione
1521 2055 1675 2084 verborum
1703 2055 1816 2093 aptiore
1843 2058 1873 2085 et
1902 2059 1962 2086 tam

235 2103 331 2134 ordini
352 2113 438 2143 quem
465 2103 577 2133 viribus
603 2103 792 2141 congruentis
811 2104 979 2133 contrahere
1005 2104 1155 2139 debemus,
1183 2103 1226 2133 sio
1246 2106 1343 2133 tamen
1370 2106 1404 2133 ut
1429 2103 1545 2142 potiora
1570 2104 1632 2135 sint
1659 2105 1744 2135 utilia
1771 2107 1842 2136 dure
1868 2106 1963 2136 locata

154 2174 157 2176 -
184 2191 188 2194 Ἴ
233 2154 390 2190 conpositis
410 2152 571 2182 inutilibus'
591 2154 627 2181 cf.
649 2153 684 2183 0„
705 2154 725 2182 1.
746 2154 765 2181 1.
789 2155 845 2181 58:
865 2149 1038 2181 ‘Conlocatio
1060 2156 1155 2181 autem
1175 2154 1265 2181 verbs
1284 2153 1342 2181 iam
1363 2154 1485 2189 probato.
1505 2155 1536 2181 et
1555 2154 1647 2183 electa
1667 2157 1697 2183 et
1716 2155 1798 2184 velut
1811 2155 1961 2191 adsignet·

232 2201 290 2231 sibi
309 2202 396 2231 debet
415 2203 577 2230 conectere:
599 2210 665 2230 nam
684 2201 733 2230 vel
752 2202 824 2230 dure
843 2201 920 2230 inter
940 2210 971 2230 se
991 2201 1140 2230 commissa
1160 2201 1273 2238 potiora
1293 2205 1361 2230 sunt
1380 2201 1413 2230 in
1434 2200 1573 2231 utilibus’.

271 2259 273 2262 ’
357 2251 409 2289 56)
430 2251 507 2289 apud
527 2251 703 2280 Dresselinm
729 2247 783 2281 ‘De
808 2251 914 2281 Isidori
939 2251 1083 2289 originum
1111 2250 1248 2280 fontibus’
1268 2251 1395 2289 (Rivista
1416 2252 1446 2281 di
1467 2252 1594 2290 filologin
1614 2253 1676 2290 m)
1701 2254 1737 2282 de
1757 2254 1812 2283 hnc
1832 2262 1864 2282 re
1885 2252 1963 2283 nihil

232 2300 390 2330 invenitus.

1617 2355 1664 2387 ὅθ
