2183 2514
422 286 577 317 Palaemon
582 296 591 317 ε

235 608 351 639 quare
372 602 549 639 quapropter
568 599 690 637 igitur
710 608 779 636 ergo

234 650 363 688 itaque

637 699 779 737 quando

236 747 331 784 gravi
343 749 494 783 accentu,
510 749 680 786 quatenus
696 757 778 786 quo-

234 795 326 826 niam
347 796 494 836 ideoque
515 796 779 836 quoniamqui-

235 842 308 874 dem
319 846 778 884 quandoquidemsiquidem.

236 892 464 923 diotaeautem
474 894 779 924 suntratiooinati-

234 952 308 979 vae,
322 945 411 983 quod
421 953 589 984 quamque
599 954 669 974 rem
680 954 779 982 pras-

234 993 391 1029 positam
404 994 548 1022 ratione
563 994 780 1023 confirmant

234 1040 272 1069 in
298 1041 393 1071 hunc
419 1042 570 1070 modum.
607 1037 686 1071 'lux
713 1045 778 1078 est,

233 1090 357 1127 igitur
385 1092 464 1121 dies
493 1088 568 1122 est'.
609 1102 686 1121 nam
715 1093 778 1122 hic

205 1130 210 1136 ¹
235 1140 431 1169 eoniunxit
451 1142 642 1175 rationem,
665 1142 777 1169 lucem

233 1188 314 1219 ideo
329 1198 419 1225 esse,
441 1190 531 1229 quod
545 1190 593 1219 sit
607 1190 697 1225 dies,
719 1199 779 1219 seu

235 1238 329 1267 diem
342 1239 427 1268 ideo
442 1248 523 1269 esse
537 1240 631 1277 quod
645 1240 695 1269 sit
707 1240 778 1268 lux.

197 1290 206 1317 ζ’
235 1285 778 1325 2203&iulativaeiquamquam

234 1335 398 1374 quamvis
413 1335 485 1366 etsi
500 1336 659 1366 tametsi.
690 1336 778 1364 fini-

234 1385 353 1415 tivas:
374 1385 450 1413 dum
467 1387 661 1424 postquam
676 1387 777 1414 ante-

235 1444 337 1473 quam
358 1437 539 1474 quatenus
559 1438 593 1463 ut
614 1444 692 1470 cum,
708 1430 777 1462 ὅταν

235 1480 275 1517 ὥς
289 1484 428 1520 σημαίνει.
458 1484 509 1513 alii
530 1484 630 1514 dicunt
650 1494 722 1519 cum,
743 1486 777 1513 ut

234 1533 273 1562 sit
288 1543 345 1572 quo
360 1523 507 1570 tempore:
528 1543 581 1571 per
601 1534 656 1562 hoc
677 1536 707 1562 et
727 1533 776 1562 ad·

233 1582 365 1611 vei-bium
403 1591 466 1611 osse
499 1586 596 1619 potest
630 1583 776 1619 temporis.
815 1592 818 1594 ·

235 1631 423 1667 optativae:
450 1631 579 1660 utinam
599 1635 637 1660 ut
650 1639 698 1659 ‘ne
719 1641 776 1660 ve-

233 1679 304 1714 lim
325 1680 580 1710 subiunctivae:
601 1691 672 1710 cum
694 1681 721 1709 si
744 1683 777 1709 et

234 1737 319 1767 quae
341 1729 381 1757 ab
398 1738 435 1757 eo
458 1718 668 1766 offinpositae
689 1733 775 1764 sunt,

232 1777 376 1806 tametsi
407 1781 621 1817 antequam
653 1779 777 1808 donec

234 1823 578 1865 quamtisdummodo
588 1828 777 1865 licetpost-

233 1868 331 1914 quain
356 1876 558 1915 priusquam
587 1877 673 1913 dum,
704 1887 775 1906 oum

234 1934 295 1962 pro
311 1921 444 1955 ‘donee’
458 1926 629 1963 accipitur
643 1929 702 1956 aut
715 1937 775 1965 pro

218 1969 440 2004 ·‘dummodo'.
483 1985 545 2005 nec
572 1979 605 2005 te
634 1980 776 2012 moveat,

235 2024 264 2052 si
282 2025 443 2062 quaedam
467 2031 545 2053 esse
559 2026 723 2054 adverbia
743 2028 777 2054 et

234 2072 502 2103 coniunctiones
522 2068 776 2111 recognoveris.

976 188 1224 223 ..13-

1018 285 1172 315 Diomedes
1178 296 1186 314 ε

830 353 894 380 item
923 353 1038 390 itemque
1065 352 1128 380 sine
1155 354 1281 380 ceterum
1302 351 1373 379 alio-

830 401 902 440 quin
917 402 1019 441 atquin
1035 403 1106 430 enim
1123 402 1221 430 etenim
1237 402 1372 429 enimvero

829 452 895 487 quia
928 456 1097 488 quopropter
1128 453 1244 486 praeter
1274 451 1373 487 quippe

829 500 955 537 quoniam
970 499 1203 537 quoniamquidem
1218 508 1287 536 ergo
1300 499 1353 536 igi
1361 515 1372 520 —

829 552 890 578 tur
917 549 977 577 ideo
1011 549 1135 587 ideoque
1165 549 1276 576 scilicet
1305 558 1373 586 pro-

825 603 924 636 pterea
957 607 1068 637 quare
1100 597 1233 636 quocirca
1264 598 1373 637 quippe

829 651 930 685 utpote
967 657 1035 676 saue
1070 647 1205 676 videlicet
1242 648 1372 686 itaque

830 698 961 736 quamvis
974 697 1043 726 licet
1055 706 1239 735 quamquam,
1260 706 1371 735 quan-

830 746 871 774 do
904 746 1009 782 gravi
1042 749 1211 781 accentu,
1243 749 1372 784 quate—

828 804 893 823 nus
928 795 1215 834 quandoquidem
1252 794 1372 833 siqui-

829 845 912 872 dem.
955 845 1073 873 dictae
1105 848 1189 873 sunt
1219 845 1372 873 ratioci-

828 893 991 927 nativae,
1007 893 1099 930 quod
1114 902 1287 932 quamque
1301 902 1371 921 rem

828 943 1077 980 praepositam
1108 943 1254 972 ratione
1287 952 1372 972 con-

827 993 982 1020 firmant
1016 993 1055 1019 in
1089 993 1184 1020 hunc
1220 993 1371 1020 modum:

828 1036 952 1075 ‘lucet‚
974 1040 1090 1076 igitur
1104 1040 1180 1068 dies
1197 1037 1275 1069 est'.
1305 1049 1371 1068 nam

828 1089 888 1119 hic
908 1090 1056 1119 ratione
1079 1090 1233 1127 colligit
1253 1090 1370 1119 lucem

827 1139 909 1174 ideo
924 1148 1015 1173 esse,
1032 1140 1121 1176 quod
1137 1140 1212 1167 dies
1227 1142 1293 1173 est,
1311 1148 1372 1166 seu

828 1187 920 1217 diem
948 1187 1032 1217 ideo
1060 1197 1154 1224 esse,
1188 1188 1280 1227 quod
1307 1187 1372 1216 lux

829 1241 890 1266 est.
928 1241 997 1266 sunt
1016 1238 1087 1267 item
1107 1241 1264 1274 praeterea,
1287 1241 1319 1266 ut
1332 1238 1373 1266 ait

828 1285 949 1320 Plinius,
964 1286 1143 1315 inlativue
1157 1287 1234 1314 hae:
1256 1295 1372 1324 quam·
1394 1275 1399 1371 l

828 1343 935 1373 quam
956 1335 1125 1373 quamvis
1146 1335 1217 1364 etsi
1239 1337 1371 1363 tamet—

827 1384 870 1418 εἰς
892 1384 975 1412 item
996 1384 1177 1413 finitivas
1199 1384 1371 1412 dicuntur

826 1433 906 1462 hae:
936 1433 1013 1461 dum
1041 1436 1238 1472 postquam
1265 1436 1370 1462 ante-

827 1492 928 1521 quam
950 1485 1137 1521 quatenus.

826 1630 909 1659 item
924 1630 1115 1667 optativae:
1135 1631 1264 1658 utinam
1277 1634 1314 1659 ut
1328 1640 1369 1658 ne

826 1680 938 1708 velim.
971 1680 1225 1709 subiunctivae:
1247 1690 1318 1709 cum
1340 1680 1368 1708 si

826 1732 859 1756 et
873 1738 959 1767 quae
971 1730 1011 1757 ab
1022 1739 1060 1757 eo
1076 1729 1268 1766 composita
1282 1732 1368 1763 sunt,

826 1778 981 1807 tametsi
1024 1781 1218 1817 antequam
1261 1779 1369 1807 donec

827 1828 981 1865 quamvis
993 1828 1167 1856 dummodo
1180 1829 1264 1856 licet
1274 1830 1368 1864 post-

827 1885 925 1915 quam
949 1877 1149 1916 priusquam
1177 1877 1264 1912 dum,
1295 1887 1368 1905 cum

825 1935 887 1962 pro
902 1922 1033 1955 ‘donec’
1049 1927 1218 1963 accipitur
1233 1930 1290 1955 aut
1307 1937 1367 1964 pro

825 1971 1035 2007 'dummodo'.
1076 1986 1137 2005 nec
1167 1980 1201 2006 te
1233 1982 1369 2006 moveat

827 2025 856 2053 si
873 2026 1035 2063 quaedam
1057 2035 1131 2054 esse
1152 2029 1186 2054 et
1207 2027 1370 2054 adverbia

827 2077 861 2103 st
876 2075 1140 2104 coniunctiones
1156 2084 1369 2111 recognove-

826 2124 883 2153 ris.
925 2127 993 2153 sunt
1012 2125 1098 2153 etiam
1120 2125 1268 2159 dictiones,
1297 2134 1369 2163 quas

826 2173 968 2204 incertum
981 2176 1027 2203 est
1038 2175 1136 2203 utrum
1152 2174 1370 2204 coniunctiones

826 2232 864 2252 an
878 2223 1106 2261 praepositiones
1119 2233 1157 2253 au
1166 2224 1304 2254 adverbia
1318 2234 1369 2253 no-

825 2272 976 2309 minemus,
986 2282 1061 2312 quae
1068 2275 1166 2302 umen
1175 2283 1275 2303 omnes
1282 2283 1369 2303 sensu

1598 283 1796 314 comininum:

1423 352 1487 379 item
1515 351 1632 387 itemque
1659 351 1730 378 em'm
1759 350 1857 378 etenim
1883 351 1969 377 enin·

1423 410 1488 428 vero
1519 401 1585 438 quia
1616 404 1837 438 quapropropter
1868 400 1970 437 quippe

1422 450 1552 486 quoniam
1566 449 1802 485 quoniamquidem
1823 457 1893 485 ergo
1907 448 1969 475 ideo

1422 497 1533 526 scilicet
1548 501 1711 535 propterea.

1419 2077 1469 2115 (cf.
1488 2077 1594 2106 Donat.
1615 2086 1643 2114 p.
1660 2079 1728 2113 889,
1746 2079 1799 2105 13:

1458 2121 1543 2156 ‘Sunt
1557 2126 1644 2155 etiam
1660 2126 1809 2162 dictiones,
1835 2136 1906 2165 quas
1919 2127 1965 2155 in-

1419 2177 1530 2205 certum
1552 2178 1598 2205 est
1625 2178 1722 2205 uia-um
1747 2175 1965 2215 coniunctiones

1419 2234 1457 2254 an
1469 2225 1699 2263 praepositiones
1712 2235 1750 2254 an
1759 2225 1899 2255 adverbia
1912 2235 1966 2254 no-

1418 2274 1568 2311 minemus,
1580 2284 1654 2314 quae
1662 2278 1759 2305 tamen
1770 2283 1870 2304 omnes
1877 2283 1965 2304 sensu
