2183 2514
982 194 1230 229 ...20—

238 292 315 321 sunt
343 289 496 321 addenda.
538 290 642 329 Atque
663 289 896 321 Consentius
925 288 1050 329 quidem
1074 289 1105 320 in
1128 288 1259 328 singulis
1280 287 1495 328 metaplasmis
1516 272 1700 320 definiendis
1720 289 1754 319 et
1772 282 1982 385 Ἣ

238 348 332 379 modo
355 356 424 379 cum
440 346 588 386 charisio,
610 346 702 378 modo
723 355 792 378 cum
806 346 929 378 Donato
950 346 1117 387 conspirat,
1138 348 1174 377 ut
1193 345 1225 377 in
1246 345 1434 378 definienda
1441 353 1577 386 syncope
1599 346 1631 378 et
1651 343 1784 378 dicei-esi
1804 344 1881 377 facit
2016 353 2021 362 ³
2082 374 2100 393 r.

240 405 390 443 charisio,
412 413 480 435 cum
495 404 618 435 Donato
640 405 671 434 in
695 403 870 434 definienda
891 404 1062 442 epenthesi,
1083 412 1249 442 paragoge,
1270 402 1492 442 episynaliphe.
1520 402 1636 434 deinde
1651 401 1793 441 exempla
1805 397 1994 434 mmmm*
1990 433 1998 437 ,
2058 393 2067 419 Ῑ
2086 406 2098 425 :2

238 464 375 502 partem,
395 460 642 502 quatuordecim,
664 460 772 492 eadem
795 468 832 492 ac
853 460 994 492 Donatus
1017 459 1221 500 protulit⁴³),
1250 468 1305 491 sex
1326 468 1394 491 cum
1415 458 1635 499 charisiou),
1664 457 1728 491 alia
1747 466 1817 491 cum
1837 460 1981 499 utroque*

237 517 413 548 communia
432 518 594 556 habet45).
637 517 835 556 quamobrem
857 526 925 549 cum
942 517 1076 548 Charisii
1096 520 1161 548 tum
1178 517 1293 549 Donati
1314 519 1472 548 auctorem
1492 516 1616 548 videtur
1637 518 1762 548 secutus
1784 524 1863 548 esse.
1894 524 1967 548 nam

238 573 394 605 Donatum
422 574 538 613 ipsum,
571 583 700 614 quocum
728 574 759 605 in
782 573 851 605 aliis
872 582 994 614 quoque
1019 573 1111 606 rebus
1134 573 1324 613 explicandis
1346 582 1441 613 saepe
1461 572 1508 604 ita
1529 573 1699 612 consentit,
1727 575 1762 605 ut
1780 569 1845 605 ‘aut
1864 572 1967 613 ipsum

237 630 394 662 Donatum
423 635 477 663 aut
506 632 709 672 antiquiorem
737 635 892 663 auctorem
921 632 961 663 ab
982 631 1036 663 illo
1057 640 1237 671 expressum
1259 631 1288 663 ei
1308 634 1382 663 ante
1403 631 1508 663 oculos
1528 630 1626 663 fuisse
1646 639 1776 663 necesse
1796 628 1845 663 sit’
1873 630 1967 671 (Keil.
1997 673 2000 677 ι

237 687 290 718 Gr.
305 687 359 718 lat.
375 688 411 725 V,
426 688 516 728 335),
547 698 616 719 mea
638 688 761 727 quidem
784 690 940 719 sententia
961 688 1134 719 exscribere
1156 697 1217 718 non
1239 688 1356 727 potuit,
1378 688 1461 727 quod
1482 687 1660 727 unicuique,
1691 688 1744 727 qui
1765 688 1907 727 exempla
1927 687 1968 719 ab

236 747 368 785 utroque
390 746 430 776 ad
451 745 668 777 illustrandam
691 745 865 784 prothesin,
887 745 1084 785 epenthesin,
1106 745 1288 784 aphaeresin
1310 744 1434 784 prolata
1455 744 1645 786 contulerit„
1660 743 1757 776 multo
1778 744 1883 784 potius
1904 745 1966 777 Do-
2008 766 2010 768 >
2143 729 2183 809 ἐξ

236 805 330 832 natus
348 802 547 833 Consentium
569 811 661 841 quam
682 802 732 833 hic
755 802 841 833 illum
862 802 1017 833 videbitur
1038 806 1162 833 secutus
1185 811 1263 834 esse.
1306 806 1400 841 atque
1421 801 1564 834 similiter
1583 803 1616 834 in
1639 802 1708 834 aliis
1730 810 1852 841 quoque
1871 802 1965 834 rebus
2128 817 2183 871 '93

235 859 406 891 tractandis
429 860 650 899 explicationes
665 859 822 892 Consentii
844 863 918 891 sunt
938 859 1104 899 ampliores
1126 868 1217 899 quam
1232 859 1356 898 Donati,
1377 858 1463 890 velut
1483 869 1513 899 p.
1527 859 1598 898 386,
1613 860 1668 891 21:
1687 856 1847 891 ‘barbaros
1861 862 1965 892 autem
2126 860 2141 894 4

235 916 313 947 lexis
328 926 389 947 uno
406 918 498 948 modo
513 921 634 948 tantum
649 917 849 956 intellegitur,
870 925 939 948 cum
961 926 998 948 ex
1020 917 1121 948 aliena
1142 917 1249 956 lingua
1269 917 1301 947 in
1322 919 1462 948 nostrum
1483 925 1574 948 usum
1596 917 1700 956 aliqua
1720 926 1794 956 pars
1816 917 1965 949 orationis
2133 955 2135 957 ,

234 974 405 1013 inducitur,
432 977 467 1006 ut
488 985 557 1008 cum
580 975 723 1013 dicimus,
753 975 869 1006 cateias
890 975 997 1015 utique
1018 975 1125 1006 hastas
1149 974 1326 1013 Gallorum,
1354 977 1544 1007 mastrucam
1564 976 1773 1007 vestimenom
1794 974 1968 1008 Sardorum
2108 968 2168 1008 ἓ,

236 1031 287 1070 (cf.
309 1031 433 1068 Quintil.
451 1033 476 1066 1,
491 1023 527 1068 5,“
536 1030 584 1069 8),
605 1032 744 1072 mayalia
764 1032 916 1071 Afrorum
938 1042 1043 1069 casas,
1065 1033 1210 1074 acinaces
1229 1032 1349 1072 yladios
1370 1029 1552 1070 Medorum’,
1573 1032 1684 1071 quibus
1706 1041 1774 1063 eum
1797 1032 1833 1063 cf.
1853 1033 1965 1064 Donat.

235 1088 305 1127 392,
319 1088 352 1119 6:
380 1086 419 1119 ‘in
441 1089 605 1127 peregrina
625 1089 836 1121 barbarolexis
857 1088 982 1127 dicitur,
1012 1092 1047 1120 ut
1068 1089 1096 1120 si
1117 1089 1186 1129 quis
1209 1089 1292 1120 dicat
1317 1092 1492 1130 mastraya,
1515 1090 1630 1128 cateia,
1650 1087 1865 1131 magalia’st).
1906 1090 1965 1122 sed

235 1154 304 1176 cum
325 1146 511 1177 Consentius
533 1155 601 1177 cum
623 1147 661 1177 iis
683 1155 813 1185 quoque,
835 1147 887 1185 qui
909 1147 1145 1177 commentarios
1167 1147 1198 1177 in
1220 1146 1375 1177 Donatum
1401 1147 1599 1185 scripserunt,
1621 1147 1778 1186 complura
1792 1147 1965 1179 communia

234 1202 358 1241 habeat,
380 1205 414 1234 ut
428 1205 533 1233 monet
547 1203 676 1242 Keilffls,
698 1202 896 1235 Consentium
918 1202 1052 1235 fortasse
1074 1212 1112 1235 ex
1127 1203 1264 1235 doctiore
1286 1203 1388 1243 aliquo
1403 1203 1434 1235 in
1450 1203 1605 1236 Donatum
1628 1206 1799 1235 commento
1820 1203 1965 1236 hausisse

234 1259 326 1291 facile
348 1263 398 1291 est
419 1260 586 1298 suspicatu.
630 1262 663 1289 at
685 1260 712 1290 si
733 1260 791 1291 hoc
813 1269 917 1291 verum
941 1264 1035 1298 esset,
1058 1261 1232 1292 accuratius
1254 1261 1443 1292 consentiret
1459 1261 1642 1293 Consentius
1664 1270 1732 1292 cum
1746 1261 1862 1293 Donati
1882 1270 1965 1294 com—

235 1316 475 1354 mentatoribus,
496 1316 581 1347 velut
602 1324 669 1347 cum
693 1316 839 1357 Pompeio
862 1317 927 1355 (Gr.
950 1317 1002 1349 lat.
1025 1318 1052 1348 V
1072 1327 1102 1357 p.
1118 1317 1284 1358 95—312).
1327 1327 1344 1350 e
1366 1318 1520 1349 contrario
1542 1326 1616 1349 vero
1637 1326 1698 1349 non
1720 1317 1820 1350 solum
1842 1318 1965 1351 deside-

233 1377 321 1405 ratur
348 1377 494 1406 accurata
522 1374 699 1412 consensio,
730 1375 785 1406 sed
808 1374 900 1406 etiam
928 1384 1057 1414 prorsus
1083 1375 1238 1407 interdum
1266 1376 1469 1414 dissentiunt,
1496 1378 1532 1407 ut
1551 1375 1657 1415 Pomp.
1678 1376 1754 1414 284,
1772 1376 1826 1408 23:
1855 1373 1965 1408 ‘cateia

232 1432 326 1463 telam
347 1431 478 1462 dicimus
498 1431 606 1470 lingua
627 1429 805 1463 Persarum’
826 1434 858 1463 et
880 1431 1024 1464 Consent.
1039 1432 1109 1471 386,
1124 1433 1178 1464 23:
1197 1429 1324 1464 ‘cateias
1346 1433 1452 1472 utique
1474 1432 1581 1465 hastas
1605 1430 1783 1465 Gallorwn'.

356 1488 443 1526 Quae
463 1497 537 1520 vero
552 1488 736 1524 Consentius
759 1489 930 1520 communia
951 1489 1046 1521 habet
1067 1498 1135 1521 cum
1150 1489 1300 1529 Charisio,
1321 1490 1414 1522 talem
1435 1490 1511 1529 prae
1531 1499 1566 1521 se
1586 1489 1689 1521 ferunt
1710 1490 1964 1530 convenientiam,

2143 1452 2183 1556 ffiffi‘ffi
2155 1080 2170 1202 »ea
2143 1009 2180 1060 {³

2158 1555 2183 1687 *msera

231 1613 313 1641 ribus
335 1613 494 1641 editoribus
516 1622 579 1640 cum
602 1613 689 1641 Probi
712 1614 998 1642 libris-coniunctum
1020 1618 1088 1648 erat,
1111 1624 1187 1642 nune
1209 1624 1324 1652 quoque
1346 1624 1409 1643 cum
1431 1614 1477 1642 his
1499 1615 1648 1649 edendum,
1670 1615 1719 1643 sed
1740 1624 1758 1642 a
1778 1615 1897 1652 reliquis
1919 1624 1962 1644 se-

230 1661 408 1697 iungendum
430 1657 548 1697 putavi.¹

358 1714 409 1748 43)
432 1711 467 1739 cf.
491 1721 512 1739 s.
528 1713 548 1739 t.
572 1711 606 1739 de
628 1712 737 1747 prosth.
761 1711 846 1748 Verg.
866 1714 900 1740 A.
924 1715 956 1747 3,
976 1714 1028 1745 12;
1057 1712 1157 1741 iucert.
1186 1716 1259 1741 auct.
1290 1713 1325 1741 de
1354 1713 1471 1749 epenth.
1499 1712 1585 1748 Verg.
1607 1714 1642 1742 A.
1668 1715 1699 1748 l,
1723 1715 1770 1741 30.
1800 1714 1835 1742 de
1863 1722 1963 1751 parag.

228 1756 346 1797 ‘megis',
367 1756 525 1796 ‘potestur’.
556 1760 590 1787 de
605 1761 719 1796 aphaer.
735 1760 848 1789 Terent.
864 1761 987 1798 Adelph.
1002 1761 1042 1796 11,
1062 1764 1086 1796 1,
1103 1764 1150 1789 31.
1183 1762 1217 1789 de
1239 1771 1356 1799 syncop.
1377 1757 1542 1797 ‘audacter-'3
1565 1762 1678 1791 Terent.
1694 1762 1809 1790 Phorm.
1828 1764 1852 1798 1,
1869 1765 1896 1798 2,
1913 1765 1961 1791 51.

231 1810 266 1838 de
287 1818 408 1846 apocop.
429 1805 562 1837 ‘Achilli’.
595 1809 630 1837 de
651 1809 738 1838 ectasi
762 1809 847 1846 Verg.
863 1813 898 1838 A.
918 1813 941 1845 l,
964 1813 991 1838 2.
1025 1811 1059 1838 de
1081 1811 1189 1848 systole
1212 1811 1297 1847 Verg.
1319 1812 1353 1839 A.
1377 1813 1403 1846 4,
1428 1813 1474 1839 52.
1507 1811 1542 1839 de
1564 1811 1703 1849 episynal.
1723 1807 1886 1841 ‘Phaethon
1906 1821 1960 1850 pro

231 1854 400 1886 Phaethon’.
435 1859 470 1885 de
491 1859 594 1886 antith.
615 1854 674 1886 ‘oui
696 1869 748 1895 pro
769 1855 830 1887 illi’.
865 1860 900 1887 de
922 1861 1040 1888 metath.
1062 1859 1148 1895 Verg.
1170 1862 1204 1888 A.
1232 1863 1276 1894 ll,
1300 1862 1346 1888 55.

356 1906 408 1943 44)
430 1907 466 1936 cf.
489 1916 510 1935 s.
525 1910 545 1935 t.
568 1908 603 1935 de
621 1908 736 1944 epenth.
760 1907 845 1945 Verg.
861 1910 896 1936 A.
913 1911 939 1943 8,
956 1911 1025 1937 630.
1055 1909 1091 1937 de
1104 1918 1201 1946 parag.
1224 1909 1309 1945 Verg.
1327 1911 1362 1938 A.
1378 1911 1405 1945 9,
1422 1911 1491 1939 231.
1520 1909 1555 1938 de
1576 1918 1694 1947 apocop.
1716 1910 1791 1939 Enn.
1804 1918 1870 1939 ann.
1887 1912 1962 1947 5685

198 1990 202 1996 ,
227 1957 316 1993 Vei-g.
331 1959 366 1985 A.
385 1959 430 1991 10,
446 1959 514 1984 481.
545 1957 580 1985 de
602 1958 689 1985 ectasi
711 1957 798 1994 Verg.
813 1960 847 1986 A.
866 1960 891 1993 1,
907 1961 976 1987 499.
1008 1960 1042 1987 de
1065 1958 1185 1987 diaeresi
1208 1959 1292 1994 Verg.
1309 1961 1343 1987 A.
1360 1961 1387 1994 9,
1403 1961 1451 1987 26.

353 2005 405 2042 45)
427 2005 461 2033 ef.
484 2015 505 2034 s.
520 2008 540 2034 t.
563 2006 597 2034 de
619 2006 734 2043 epenth.
755 2002 959 2044 ‘induperator'
980 2007 1090 2045 (Eum).
1120 2008 1154 2036 de
1176 2008 1292 2045 aphaer.
1314 2008 1401 2045 Vei-g.
1416 2010 1451 2037 A.
1469 2011 1496 2044 6,
1512 2011 1580 2037 620.
1608 2009 1643 2037 de
1665 2008 1816 2047 synaliphe
1839 2011 1873 2038 A.
1890 2012 1916 2045 9,
1935 2012 1961 2039 1.

228 2055 264 2083 de
285 2055 419 2092 ecthlipsi
442 2057 474 2084 A.
494 2057 518 2090 1,
536 2058 562 2084 3.
594 2056 629 2084 de
650 2056 802 2085 metathesi
822 2059 857 2086 A.
878 2059 921 2093 10,
938 2059 1007 2086 894.

353 2104 406 2141 46)
428 2105 462 2133 cf.
483 2105 569 2133 etiam
591 2105 696 2134 Donat.
718 2116 746 2142 p.
763 2106 831 2141 373,
848 2109 902 2135 27:
931 2107 1072 2135 feminina
1099 2110 1194 2135 autem
1216 2110 1266 2136 aut
1286 2108 1317 2135 in
1337 2107 1363 2135 is
1384 2110 1505 2143 exeunt,
1534 2110 1568 2137 ut
1589 2107 1701 2143 Atreis,
1729 2110 1779 2137 aut
1799 2108 1831 2136 in
1852 2117 1898 2144 as,
1926 2112 1962 2138 ut

228 2153 350 2188 Peleius,
372 2156 423 2182 aut
444 2154 475 2181 in
496 2163 533 2181 ne
555 2156 588 2183 ut
608 2154 725 2190 Nerine,
750 2158 780 2184 et
801 2155 935 2185 Consent.
952 2158 1093 2192 341,14·
1113 2156 1254 2185 feminina
1269 2165 1339 2186 vero
1361 2159 1411 2185 aut
1426 2156 1457 2184 in
1471 2156 1497 2185 is
1514 2158 1631 2193 exeunt,
1651 2159 1685 2186 ut
1698 2157 1734 2186 ab
1748 2159 1839 2187 Atreo
1853 2157 1960 2194 Atreis,

228 2206 279 2233 aut
298 2203 331 2231 in
351 2212 390 2242 as,
412 2207 446 2233 ut
466 2213 484 2232 a
504 2204 592 2233 Peleo
614 2204 735 2239 Peleias,
757 2207 809 2234 aut
829 2205 860 2234 in
882 2214 927 2241 ne,
949 2206 1123 2241 Euandrine,
1144 2206 1254 2235 Nerine
1275 2209 1304 2236 et
1326 2205 1539 2242 Adrestine,
1561 2210 1592 2236 et
1612 2207 1733 2245 Dionys.
1756 2207 1823 2237 Thr.
1844 2216 1874 2245 p.
1890 2209 1958 2245 ⁶84,

230 2255 284 2281 32.
305 2253 442 2288 θηλυκῶν
464 2250 496 2280 δὲ
517 2249 626 2290 ομοίως
647 2252 735 2282 τύποι
758 2251 812 2282 εἰσὶ
833 2256 918 2292 τρεῖς,
940 2251 959 2283 ὅ
979 2254 1061 2288 εἰς
1037 2265 1073 2289 ις,
1095 2251 1161 2283 οἷον
1184 2255 1327 2293 Πριαμίς,
1349 2252 1367 2283 ὅ
1388 2254 1429 2288 εἰς
1449 2256 1494 2290 «ι’-ς,
1516 2251 1581 2284 οἷον
1605 2253 1721 2291 Πολιάς,
1742 2254 1792 2284 καὶ
1814 2252 1832 2284 ὅ
1852 2254 1947 2290 εἰς’-
1913 2265 1959 2292 νη,

227 2297 293 2331 οἷον
309 2299 528 2339 ’.Αδρηστὶνη

2162 1689 2183 1727 ’²⁴:1⁵

2151 1754 2162 1762 ⁸
2136 1636 2166 1730 '41233g=4ss=
2138 1613 2145 1625 ‘¹
2144 1592 2164 1602 ⁵.
2138 1562 2162 1583 ’ἲν
