2183 2514
967 171 1215 206 ..53—

185 260 258 312 εἷς,
276 263 371 310 ,eupit
383 264 425 307 ιι,
440 253 537 307 1431)
556 263 654 300 ‘mitte
673 267 738 300 ista
758 269 851 308 atque
870 267 912 300 ad
932 275 997 299 rem
1018 263 1093 299 redi‘
1113 275 1170 307 pro
1192 266 1309 306 omitte,
1330 268 1362 299 et
1376 268 1412 298 ut
1426 264 1581 306 vergilius
1604 265 1655 305 (A.
1670 265 1699 305 6,
1713 265 1788 306 620)
1808 262 1956 299 ‘temnere

189 314 195 317 ⁷
226 319 324 357 divos’
344 314 402 364 pro
423 327 626 361 contemnere.

349 382 377 413 6.
418 380 597 421 syncope
618 384 668 413 est
688 381 803 413 ablatio
825 382 864 413 de
885 382 988 413 media
1009 381 1144 412 dictione
1166 381 1321 412 contraria
1342 380 1514 420 epenthesi‚
1535 383 1570 411 ut
1588 378 1755 411 ‘audacter'
1780 389 1837 419 pro
1858 380 1957 412 auda-

226 440 310 479 citer,
331 442 363 472 et
383 439 546 471 Terentius
567 438 703 479 (Phorm.
720 441 747 478 1,
761 439 789 478 2,
804 439 858 480 51)
878 436 1066 471 ‘commorat’
1091 448 1147 478 pro
1169 441 1383 470 commoverat.

120 539 122 544 Δ
351 497 377 527 7.
419 497 600 535 Apocope
627 498 675 527 est
696 496 812 527 ablatio
835 496 873 527 de
893 496 954 527 fine
977 495 1120 527 dictionis
1149 504 1307 535 paragoge
1334 496 1502 533 contraria,
1533 498 1567 526 ut
1587 493 1719 526 ‘Achilli’
1744 503 1801 534 pro
1824 495 1953 527 Achillis

175 555 178 557 ’
227 556 258 585 et
278 551 369 593 ‘pote'
393 562 449 593 pro
470 555 585 593 potest.

350 612 377 643 8.
420 611 577 644 Ectasis
606 613 654 642 est
681 612 819 642 extensio
842 611 980 650 syllabae
1002 613 1108 642 contra
1130 614 1270 642 naturam
1292 611 1393 649 verbi,
1423 615 1457 642 ut
1478 608 1609 642 ‘ltaliam
1632 610 1695 641 fato
1718 608 1879 650 profugus’
1905 610 1954 651 (V.

226 670 262 701 A.
280 670 305 707 1,
320 669 363 709 2),
384 677 452 700 cum
473 668 565 700 Italia
587 667 728 708 correpte
748 668 810 700 dici
831 668 951 700 debeat.

350 726 377 755 9.
421 726 441 756 S
448 726 579 764 ystole
601 728 650 756 est
670 726 822 764 correptio
843 726 997 756 contraria
1020 726 1130 763 ectasi,
1159 729 1193 756 ut
1212 723 1357 764 'aquosus
1380 724 1482 756 Orion’
1504 726 1556 764 (V.
1573 728 1607 755 A.
1621 727 1650 762 4,
1667 726 1736 764 52),
1768 734 1837 756 cum
1859 725 1954 756 Orion

225 783 376 823 producte
397 783 457 815 dici
480 783 600 815 debeat.

9 849 60 886 232
83 876 88 883 ι
352 840 399 870 10.
441 840 583 870 Diaere
592 840 645 870 sis
668 844 716 870 est
737 841 879 871 discissio
902 840 1041 879 syllabae
1063 841 1153 870 unius
1175 841 1206 870 in
1230 842 1307 871 duas
1329 841 1425 878 facta,
1457 844 1491 870 ut
1519 838 1581 870 ‘olli
1604 840 1766 878 respondit
1786 849 1842 871 rex
1864 840 1954 870 Albai

0 856 60 954 ξι
223 895 339 937 longai'
364 897 456 937 (Eun.
471 906 540 929 ann.
558 899 584 936 1,
598 898 661 936 34).

20 953 61 988 ἢ,
351 956 398 985 11.
441 954 535 993 Epis
543 954 729 993 ynaliphe
751 957 800 984 est
816 954 1039 993 conglutinatio
1059 954 1187 984 duarum
1206 955 1391 992 syllabarum
1410 955 1440 984 in
1458 963 1550 984 unam
1574 954 1746 993 (syllabam)
1768 954 1861 992 facta,
1884 962 1955 984 con—

0 945 57 1053 {³²³
226 1011 324 1044 traria
351 1011 498 1051 diaeresi‚
529 1014 563 1043 ut
589 1009 769 1044 ‘Phaethon’
795 1021 851 1052 pro
873 1011 1031 1044 Phaethon
1063 1011 1174 1051 (Varro
1197 1012 1299 1044 Atac:
1330 1012 1406 1043 Tum
1429 1014 1460 1043 te
1481 1010 1625 1052 flagranti
1646 1011 1800 1043 deiectum
1827 1010 1955 1043 fulmine

225 1069 395 1100 Phaethon.
426 1069 463 1100 cf.
485 1069 609 1106 Quintil.
627 1071 653 1107 1,
667 1070 695 1107 5,
712 1059 774 1108 17),
795 1067 907 1100 ‘Nerei’
932 1078 988 1109 pro
1010 1070 1100 1100 Nerei
1122 1070 1227 1108 (Verg.
1247 1071 1281 1100 A.
1298 1071 1325 1107 8,
1340 1070 1416 1100 383:
1438 1078 1524 1100 arma
1545 1078 1629 1108 rogo,
1651 1069 1791 1108 genetrix
1812 1072 1886 1100 nato
1901 1093 1908 1100 .
1923 1071 1955 1099 te

224 1126 289 1158 filia
309 1127 416 1167 Nerei)
439 1130 471 1158 et
491 1124 600 1158 ‘fixerit
622 1127 798 1167 aeripedem
819 1135 939 1158 cervam
961 1125 1041 1158 licet’
1068 1127 1117 1165 (V.
1133 1127 1168 1157 A.
1185 1128 1212 1165 6,
1228 1126 1301 1166 802)
1324 1136 1380 1166 pro
1403 1127 1586 1166 aeripedem.

351 1185 397 1216 12.
440 1184 656 1223 Synaliphe
677 1187 726 1216 est
742 1193 798 1223 per
812 1184 1066 1223 interceptionem
1083 1185 1325 1215 concurrentium
1344 1185 1495 1216 vocalium
1511 1185 1629 1215 lubrica
1645 1184 1797 1223 quaedam
1814 1184 1955 1223 lenisque

227 1240 364 1279 conlisio‚
386 1244 420 1272 ut
440 1239 542 1280 ‘atque
564 1250 600 1273 ea
622 1241 746 1273 diversa
766 1242 889 1280 penitus
913 1243 984 1272 dum
1006 1243 1095 1280 parte
1118 1239 1274 1280 geruntur’
1297 1242 1345 1282 (V.
1363 1243 1396 1273 A.
1413 1242 1440 1280 9,
1457 1243 1498 1281 1).
1542 1242 1618 1273 haec
1640 1250 1659 1272 a
1676 1240 1860 1280 quibusdam
1883 1249 1955 1280 syn-

226 1298 314 1329 crisis
337 1298 520 1329 nominatur.

228 1384 280 1410 22:
302 1382 475 1418 Aphaeresis
491 1404 497 1410 .
511 1404 517 1410 .
530 1404 536 1410 .
554 1383 682 1418 prothesi
704 1398 743 1403 —
764 1387 797 1411 ut
810 1379 946 1411 'temnere
966 1405 972 1411 .
988 1404 992 1410 .
1007 1405 1011 1409 .
1032 1379 1234 1410 contemnere’.
1274 1382 1405 1410 Consent.
1423 1384 1490 1416 388,
1508 1384 1558 1410 ll:
1587 1386 1619 1410 ut
1637 1382 1677 1410 ait
1700 1404 1706 1410 .
1720 1403 1726 1409 .
1750 1382 1863 1415 omitte3
1896 1381 1953 1418 syl-

225 1430 353 1464 labajut
375 1431 408 1459 V.
425 1452 450 1458 ..
463 1453 469 1459 .
485 1435 675 1460 contemnere.
706 1432 804 1468 Pomp.
823 1433 890 1466 297,
908 1434 933 1459 8.
956 1432 1022 1459 Isid.
1044 1434 1067 1466 1,
1087 1434 1134 1466 35,
1152 1434 1178 1459 3.

351 1483 377 1508 6.
410 1480 513 1509 Donat.
533 1483 600 1515 396,
622 1484 672 1509 1οι
693 1481 824 1518 Syncope
843 1503 848 1508 .
866 1504 871 1509 .
891 1503 896 1508 .
919 1482 1071 1513 audaciter,
1091 1476 1262 1509 ‘commorat’
1280 1491 1330 1517 pro
1348 1484 1548 1509 commoverat.
1578 1481 1709 1508 Diomed.
1722 1482 1790 1514 441,
1804 1481 1859 1508 27:
1881 1481 1954 1517 Syn-

226 1538 297 1565 cope
320 1551 326 1557 .
345 1551 373 1557 ..
397 1530 554 1566 epenthesi.
598 1531 731 1558 Consent.
749 1532 816 1564 388,
839 1533 891 1558 14:
911 1534 944 1559 ut
966 1539 1029 1558 cum
1051 1530 1170 1557 dicimus
1190 1526 1339 1558 ‘audacter'
1360 1539 1412 1566 pro
1435 1530 1584 1558 audaciter
1604 1545 1644 1550 —
1668 1533 1697 1557 et
1718 1529 1872 1557 Terentius
1895 1550 1901 1556 .
1919 1551 1924 1556 .
1947 1551 1954 1557 .

227 1582 426 1609 commoverat.

352 1629 377 1656 7.
410 1629 514 1657 Donat.
531 1632 599 1663 396,
622 1632 671 1656 ll:
694 1632 830 1665 Apooope
853 1651 858 1656 .
875 1651 881 1656 .
897 1651 903 1656 .
926 1633 1028 1664 potest.
1058 1629 1186 1656 Diomed.
1205 1632 1272 1661 441,
1290 1631 1340 1655 31:
1363 1631 1499 1664 Apocope
1518 1650 1524 1656 .
1542 1650 1547 1655 .
1565 1651 1571 1656 .
1588 1629 1724 1657 dictionis
1745 1628 1955 1664 prosparalepsi

225 1676 273 1706 vel
294 1686 437 1715 paragoge
459 1678 609 1707 contraria.
653 1678 787 1708 Consent.
806 1680 873 1713 388,
894 1680 947 1706 21:
970 1680 1106 1715 Apocope
1128 1680 1171 1706 est
1193 1686 1210 1705 ’κ
1233 1677 1354 1713 litterae,
1377 1684 1409 1706 ut
1432 1700 1438 1706 .
1456 1700 1462 1706 .
1482 1701 1488 1706 .
1511 1678 1640 1706 Achillis.
1672 1678 1772 1714 Pomp.
1791 1677 1858 1712 297,
1881 1680 1926 1705 11.

352 1723 383 1755 8.”
411 1728 517 1756 Donat.
537 1730 604 1762 396,
628 1730 677 1756 14:
700 1728 810 1756 Ectasis
833 1750 839 1755 .
858 1749 886 1756 ..
910 1728 1019 1757 debeat.
1061 1728 1189 1755 Diomed.
1209 1730 1280 1761 442,
1304 1730 1334 1755 1:
1363 1728 1474 1756 Eetasis
1496 1730 1540 1755 est
1562 1728 1702 1756 extensio.
1747 1727 1867 1757 Quintil.
1887 1730 1910 1761 1,
1928 1730 1954 1761 5,

231 1778 275 1803 18.
307 1776 440 1804 Consent.
459 1778 526 1810 389,
546 1779 570 1804 l.
601 1777 700 1812 Pomp.
718 1777 785 1810 297,
809 1778 852 1803 17.
882 1776 950 1804 Isid.
970 1779 994 1810 1,
1013 1779 1058 1810 35,
1076 1780 1103 1804 4.

351 1827 377 1853 9.
411 1825 514 1854 Donat.
531 1828 598 1860 396,
619 1828 668 1854 16:
689 1825 802 1863 Systole
825 1847 831 1853 .
852 1848 857 1854 .
874 1848 880 1853 .
904 1826 1013 1854 debeat.
1057 1825 1185 1854 Diomed.
1203 1828 1271 1860 442,
1289 1828 1322 1853 5:
1344 1826 1457 1862 Systole
1481 1849 1487 1854 .
1504 1848 1509 1854 .
1530 1847 1536 1853 .
1560 1825 1647 1854 ectasi
1671 1840 1710 1845 —
1730 1825 1801 1853 item
1821 1820 1955 1864 ‘aquosus

227 1870 333 1902 Orion'.
376 1875 509 1904 Consent.
530 1877 597 1909 389,
616 1877 648 1903 8:
669 1879 702 1904 ιιι
723 1878 767 1904 est
786 1871 920 1913 ‘aquosus
942 1871 1047 1909 Orion'‚
1069 1885 1132 1903 cum
1155 1875 1247 1911 prima
1262 1875 1378 1904 Orionis
1401 1875 1511 1912 syllaba
1532 1875 1633 1913 utique
1654 1874 1742 1910 longa
1764 1874 1809 1909 sit,
1830 1878 1864 1902 ut
1884 1873 1954 1903 alibi

180 1912 185 1915 Δ
228 1925 258 1950 et
277 1918 309 1950 ὀ.
333 1919 448 1950 Oriona'
470 1923 568 1960 (Verg.
587 1926 621 1951 A.
640 1927 667 1957 3,
684 1924 764 1959 517).
796 1924 864 1951 Isid.
887 1926 910 1957 1,
929 1926 975 1956 35,
994 1926 1020 1950 4.

355 1974 400 2001 10.
434 1972 539 2001 Donat.
562 1975 637 2008 396,
663 1975 714 2001 18:
743 1973 887 2001 Diaeresis
910 1994 916 2000 .
934 1995 939 2001 .
958 1994 965 2001 .
982 1994 988 2000 .
1010 1972 1115 2009 longai.
1159 1972 1287 2001 Diomed.
1308 1976 1382 2008 442,
1408 1976 1460 2001 11:
1490 1972 1634 2001 Diaeresis
1658 1994 1663 1999 .
1685 1993 1691 1999 .
1711 1993 1717 1999 .
1740 1965 1809 1999 duas
1835 1971 1953 2000 divisae.

189 2028 193 2032 '
227 2022 327 2059 Pomp.
343 2023 411 2057 297,
430 2025 477 2051 30.
506 2023 573 2051 Isid.
594 2025 617 2058 1,
635 2025 681 2058 35,
700 2026 725 2051 4.
768 2023 803 2052 cf.
826 2032 911 2059 supra
932 2023 1026 2051 adnot.
1044 2025 1092 2051 69.

354 2073 400 2099 11.
432 2071 537 2099 Donat.
558 2074 625 2106 396,
644 2074 698 2099 20:
728 2071 936 2109 Episynaliphe
959 2092 966 2098 .
984 2092 991 2098 .
1009 2092 1015 2098 .
1038 2072 1139 2106 Nerei,
1167 2067 1347 2108 ‘aeripedem'
1376 2082 1428 2108 pro
1451 2073 1622 2109 aeripedem.
1664 2071 1795 2098 Diomed.
1814 2073 1882 2106 442,
1900 2073 1953 2100 2⁰:

227 2120 306 2158 Epis.
329 2130 353 2150 e.
370 2130 393 2150 c.
410 2130 460 2150 seu
481 2120 646 2153 eona-actio.
661 2121 686 2149 d.
710 2143 716 2149 .
732 2143 738 2150 .
756 2144 762 2150 .
784 2123 818 2151 ut
836 2116 942 2150 ‘fixerit
962 2121 1125 2158 aeripedem
1146 2131 1169 2150 c.
1192 2117 1220 2150 1.’
1261 2122 1395 2151 Gonsent.
1413 2125 1481 2158 389,
1501 2124 1553 2151 18:
1574 2120 1694 2159 Episyu.
1717 2141 1724 2148 .
1741 2140 1748 2147 .
1764 2142 1771 2148 .
1788 2140 1794 2147 .
1815 2119 1899 2156 faeta,
1919 2123 1954 2150 ut

228 2178 292 2198 cum
313 2170 418 2200 dicitur
436 2165 604 2204 ‘Phaethon'
624 2180 677 2207 pro
699 2171 752 2199 Ph.
774 2173 804 2200 et
823 2166 984 2207 ‘Marcipor'
1005 2179 1057 2207 pro
1079 2180 1150 2207 puer
1172 2180 1195 2199 e.
1212 2181 1240 2210 q.
1258 2182 1278 2200 s.
1309 2172 1409 2209 Pomp.
1427 2175 1496 2207 298,
1513 2175 1540 2200 6.
1571 2171 1640 2200 Isid.
1659 2172 1685 2204 1,
1702 2171 1749 2203 35,
1766 2171 1794 2197 5.

356 2222 400 2249 12.
431 2220 535 2249 Donat.
554 2222 629 2255 396,
648 2222 702 2248 23:
732 2219 890 2259 Synaliphe
912 2241 918 2248 .
938 2242 944 2247 .
961 2241 968 2247 .
990 2220 1161 2249 nominatur.
1204 2220 1393 2257 Diom.442,
1414 2224 1465 2250 15·
1493 2220 1652 2259 Synaliphe
1672 2220 1717 2247 est
1736 2217 1857 2246 conlisio
1878 2228 1954 2258 qm

228 2268 262 2297 fit
282 2285 323 2291 —-
343 2272 377 2299 ut
396 2265 492 2309 ‘atque
513 2280 547 2299 ea
568 2292 575 2299 .
591 2292 598 2299 .
617 2293 624 2299 .
646 2266 792 2306 geruntur’
813 2285 853 2291 -—
874 2270 945 2298 haee
966 2291 973 2298 .
990 2292 996 2297 .
1013 2291 1018 2297 .
1041 2271 1214 2300 nominatur.
1257 2272 1389 2301 Consent.
1410 2275 1477 2307 389,
1499 2275 1554 2301 32.
1574 2268 1732 2308 Syna-Ephe
1752 2270 1796 2297 est
1816 2272 1865 2303 vel
1884 2279 1953 2308 syu-

203 2314 209 2361 j
226 2318 310 2348 crisis
329 2336 386 2355 —,
406 2323 441 2349 ut
462 2324 506 2349 est
525 2320 598 2352 iuna
617 2316 713 2359 ‘atque
736 2342 743 2348 .
762 2342 769 2349 .
788 2343 794 2349 .
817 2316 975 2356 geruntur’.
1018 2320 1119 2357 Pomp.
1137 2322 1206 2355 298,
1227 2322 1272 2348 16.
1301 2321 1371 2350 Isid.
1390 2324 1415 2356 1,
1432 2324 1480 2357 35,
1501 2325 1527 2351 5.
