<?xml version="1.0" encoding="UTF-8"?>
<!DOCTYPE html PUBLIC "-//W3C//DTD XHTML 1.0 Transitional//EN"
    "http://www.w3.org/TR/xhtml1/DTD/xhtml1-transitional.dtd">
<html xmlns="http://www.w3.org/1999/xhtml" xml:lang="en" lang="en">
 <head>
  <title>
</title>
<meta http-equiv="Content-Type" content="text/html;charset=utf-8" />
  <meta name='ocr-system' content='tesseract 3.04.00' />
  <meta name='ocr-capabilities' content='ocr_page ocr_carea ocr_par ocr_line ocrx_word'/>
</head>
<body>
  <div class='ocr_page' id='page_1' title='image "./4626796_0044.png"; bbox 0 0 2183 2514; ppageno 0'>
   <div class='ocr_carea' id='block_1_1' title="bbox 963 208 1207 243">
    <p class='ocr_par' dir='ltr' id='par_1_1' title="bbox 963 208 1207 243">
     <span class='ocr_line' id='line_1_1' title="bbox 963 208 1207 243; baseline -0.004 -13"><span class='ocrx_word' id='word_1_1' title='bbox 963 208 1207 243; x_wconf 66' lang='grc'><strong>...33-</strong></span> 
     </span>
    </p>
   </div>
   <div class='ocr_carea' id='block_1_2' title="bbox 0 0 617 755">
    <p class='ocr_par' dir='ltr' id='par_1_2' title="bbox 0 0 617 755">
     <span class='ocr_line' id='line_1_2' title="bbox 0 0 617 755; baseline 0 0"><span class='ocrx_word' id='word_1_2' title='bbox 0 0 617 755; x_wconf 95' lang='lat' dir='ltr'><strong>   </strong></span> 
     </span>
    </p>
   </div>
   <div class='ocr_carea' id='block_1_3' title="bbox 980 304 1184 335">
    <p class='ocr_par' dir='ltr' id='par_1_3' title="bbox 980 304 1184 335">
     <span class='ocr_line' id='line_1_3' title="bbox 980 304 1184 335; baseline 0 -3"><span class='ocrx_word' id='word_1_3' title='bbox 980 304 1184 335; x_wconf 80' lang='lat' dir='ltr'><strong>Quintilianus.</strong></span> 
     </span>
    </p>
   </div>
   <div class='ocr_carea' id='block_1_4' title="bbox 220 401 1954 685">
    <p class='ocr_par' dir='ltr' id='par_1_4' title="bbox 220 401 1954 492">
     <span class='ocr_line' id='line_1_4' title="bbox 220 401 1951 445; baseline -0.003 -9"><span class='ocrx_word' id='word_1_4' title='bbox 220 407 277 436; x_wconf 82' lang='lat' dir='ltr'><strong>Sed</strong></span> <span class='ocrx_word' id='word_1_5' title='bbox 304 406 373 445; x_wconf 85' lang='lat' dir='ltr'><strong>quia</strong></span> <span class='ocrx_word' id='word_1_6' title='bbox 401 414 513 435; x_wconf 86' lang='lat' dir='ltr'><strong>omnem</strong></span> <span class='ocrx_word' id='word_1_7' title='bbox 541 404 776 442; x_wconf 62' lang='lat' dir='ltr'><strong>compositionem</strong></span> <span class='ocrx_word' id='word_1_8' title='bbox 805 403 957 433; x_wconf 86' lang='lat' dir='ltr'><strong>oratoriam</strong></span> <span class='ocrx_word' id='word_1_9' title='bbox 988 406 1120 432; x_wconf 76' lang='lat' dir='ltr'><strong>constare</strong></span> <span class='ocrx_word' id='word_1_10' title='bbox 1152 402 1273 439; x_wconf 82' lang='lat' dir='ltr'><strong>pedibus</strong></span> <span class='ocrx_word' id='word_1_11' title='bbox 1302 401 1381 436; x_wconf 79' lang='lat' dir='ltr'><strong>dixi,</strong></span> <span class='ocrx_word' id='word_1_12' title='bbox 1412 401 1509 439; x_wconf 81' lang='lat' dir='ltr'><strong>aliqua</strong></span> <span class='ocrx_word' id='word_1_13' title='bbox 1534 402 1570 429; x_wconf 91' lang='lat' dir='ltr'><strong>de</strong></span> <span class='ocrx_word' id='word_1_14' title='bbox 1595 401 1641 429; x_wconf 90' lang='lat' dir='ltr'><strong>his</strong></span> <span class='ocrx_word' id='word_1_15' title='bbox 1666 411 1797 439; x_wconf 86' lang='lat' dir='ltr'><strong>quoque,</strong></span> <span class='ocrx_word' id='word_1_16' title='bbox 1829 411 1951 440; x_wconf 89' lang='lat' dir='ltr'><strong>quorum</strong></span> 
     </span>
     <span class='ocr_line' id='line_1_5' title="bbox 222 450 1954 492; baseline -0.002 -9"><span class='ocrx_word' id='word_1_17' title='bbox 222 455 340 484; x_wconf 85' lang='lat' dir='ltr'><strong>nomina</strong></span> <span class='ocrx_word' id='word_1_18' title='bbox 362 454 432 492; x_wconf 86' lang='lat' dir='ltr'><strong>quia</strong></span> <span class='ocrx_word' id='word_1_19' title='bbox 451 453 532 482; x_wconf 76' lang='lat' dir='ltr'><strong>varie</strong></span> <span class='ocrx_word' id='word_1_20' title='bbox 545 454 712 487; x_wconf 86' lang='lat' dir='ltr'><strong>traduntur,</strong></span> <span class='ocrx_word' id='word_1_21' title='bbox 733 453 965 481; x_wconf 80' lang='lat' dir='ltr'><strong>constituendum</strong></span> <span class='ocrx_word' id='word_1_22' title='bbox 987 455 1031 480; x_wconf 88' lang='lat' dir='ltr'><strong>est</strong></span> <span class='ocrx_word' id='word_1_23' title='bbox 1052 461 1108 489; x_wconf 91' lang='lat' dir='ltr'><strong>quo</strong></span> <span class='ocrx_word' id='word_1_24' title='bbox 1125 460 1267 489; x_wconf 84' lang='lat' dir='ltr'>quemque</span> <span class='ocrx_word' id='word_1_25' title='bbox 1281 451 1468 487; x_wconf 78' lang='lat' dir='ltr'><strong>appellemus.</strong></span> <span class='ocrx_word' id='word_1_26' title='bbox 1511 450 1645 488; x_wconf 82' lang='lat' dir='ltr'><strong>equidem</strong></span> <span class='ocrx_word' id='word_1_27' title='bbox 1660 450 1825 479; x_wconf 78' lang='lat' dir='ltr'><strong>Ciceronem</strong></span> <span class='ocrx_word' id='word_1_28' title='bbox 1847 460 1954 490; x_wconf 85' lang='lat' dir='ltr'><strong>sequar</strong></span> 
     </span>
    </p>

    <p class='ocr_par' dir='ltr' id='par_1_5' title="bbox 222 499 1954 685">
     <span class='ocr_line' id='line_1_6' title="bbox 282 499 1953 540; baseline -0.002 -8"><span class='ocrx_word' id='word_1_29' title='bbox 282 527 289 534; x_wconf 96' lang='lat'><strong>.</strong></span> <span class='ocrx_word' id='word_1_30' title='bbox 312 525 319 532; x_wconf 94' lang='lat'><strong>.</strong></span> <span class='ocrx_word' id='word_1_31' title='bbox 340 512 408 540; x_wconf 75' lang='lat' dir='ltr'><strong>ergo</strong></span> <span class='ocrx_word' id='word_1_32' title='bbox 429 512 493 531; x_wconf 84' lang='lat' dir='ltr'><strong>cnm</strong></span> <span class='ocrx_word' id='word_1_33' title='bbox 514 504 647 531; x_wconf 85' lang='lat' dir='ltr'><strong>constent</strong></span> <span class='ocrx_word' id='word_1_34' title='bbox 661 504 795 540; x_wconf 83' lang='lat' dir='ltr'><strong>quattuor</strong></span> <span class='ocrx_word' id='word_1_35' title='bbox 815 502 903 538; x_wconf 85' lang='lat' dir='ltr'><strong>pedes</strong></span> <span class='ocrx_word' id='word_1_36' title='bbox 924 501 1013 534; x_wconf 87' lang='lat' dir='ltr'><strong>binis,</strong></span> <span class='ocrx_word' id='word_1_37' title='bbox 1036 504 1099 529; x_wconf 88' lang='lat' dir='ltr'><strong>octo</strong></span> <span class='ocrx_word' id='word_1_38' title='bbox 1120 500 1219 535; x_wconf 88' lang='lat' dir='ltr'><strong>ternis,</strong></span> <span class='ocrx_word' id='word_1_39' title='bbox 1241 500 1382 536; x_wconf 88' lang='lat' dir='ltr'><strong>spondion</strong></span> <span class='ocrx_word' id='word_1_40' title='bbox 1403 499 1497 535; x_wconf 84' lang='lat' dir='ltr'><strong>longis</strong></span> <span class='ocrx_word' id='word_1_41' title='bbox 1519 500 1637 533; x_wconf 88' lang='lat' dir='ltr'><strong>duabus,</strong></span> <span class='ocrx_word' id='word_1_42' title='bbox 1659 499 1845 536; x_wconf 81' lang='lat' dir='ltr'><strong>pyrrichium,</strong></span> <span class='ocrx_word' id='word_1_43' title='bbox 1867 510 1953 538; x_wconf 87' lang='lat' dir='ltr'><strong>quem</strong></span> 
     </span>
     <span class='ocr_line' id='line_1_7' title="bbox 222 548 1947 589; baseline -0.002 -9"><span class='ocrx_word' id='word_1_44' title='bbox 222 553 274 581; x_wconf 78' lang='lat' dir='ltr'><strong>alii</strong></span> <span class='ocrx_word' id='word_1_45' title='bbox 293 552 472 589; x_wconf 73' lang='lat' dir='ltr'><strong>pariambum</strong></span> <span class='ocrx_word' id='word_1_46' title='bbox 491 554 612 586; x_wconf 82' lang='lat' dir='ltr'><strong>vocant,</strong></span> <span class='ocrx_word' id='word_1_47' title='bbox 632 551 782 585; x_wconf 85' lang='lat' dir='ltr'><strong>brevibus,</strong></span> <span class='ocrx_word' id='word_1_48' title='bbox 802 550 928 579; x_wconf 85' lang='lat' dir='ltr'><strong>iambum</strong></span> <span class='ocrx_word' id='word_1_49' title='bbox 948 550 1030 578; x_wconf 83' lang='lat' dir='ltr'><strong>brevi</strong></span> <span class='ocrx_word' id='word_1_50' title='bbox 1051 550 1205 587; x_wconf 81' lang='lat' dir='ltr'><strong>longaque,</strong></span> <span class='ocrx_word' id='word_1_51' title='bbox 1227 549 1294 577; x_wconf 88' lang='lat' dir='ltr'><strong>huic</strong></span> <span class='ocrx_word' id='word_1_52' title='bbox 1315 548 1488 577; x_wconf 82' lang='lat' dir='ltr'><strong>contrarium</strong></span> <span class='ocrx_word' id='word_1_53' title='bbox 1510 557 1526 576; x_wconf 91' lang='lat' dir='ltr'><strong>e</strong></span> <span class='ocrx_word' id='word_1_54' title='bbox 1547 548 1633 584; x_wconf 81' lang='lat' dir='ltr'><strong>longa</strong></span> <span class='ocrx_word' id='word_1_55' title='bbox 1654 552 1683 576; x_wconf 86' lang='lat' dir='ltr'><strong>et</strong></span> <span class='ocrx_word' id='word_1_56' title='bbox 1704 548 1786 576; x_wconf 79' lang='lat' dir='ltr'><strong>brevi</strong></span> <span class='ocrx_word' id='word_1_57' title='bbox 1807 548 1947 583; x_wconf 72' lang='lat' dir='ltr'><strong>eboreum,</strong></span> 
     </span>
     <span class='ocr_line' id='line_1_8' title="bbox 223 597 1951 643; baseline -0.001 -14"><span class='ocrx_word' id='word_1_58' title='bbox 223 611 278 630; x_wconf 81' lang='lat' dir='ltr'><strong>nou</strong></span> <span class='ocrx_word' id='word_1_59' title='bbox 300 605 331 629; x_wconf 77' lang='lat' dir='ltr'><strong>ul</strong></span> <span class='ocrx_word' id='word_1_60' title='bbox 351 601 414 634; x_wconf 81' lang='lat' dir='ltr'><strong>alii,</strong></span> <span class='ocrx_word' id='word_1_61' title='bbox 439 600 596 628; x_wconf 75' lang='lat' dir='ltr'><strong>trochaeum</strong></span> <span class='ocrx_word' id='word_1_62' title='bbox 617 601 795 628; x_wconf 81' lang='lat' dir='ltr'><strong>nominemus.</strong></span> <span class='ocrx_word' id='word_1_63' title='bbox 841 609 879 627; x_wconf 90' lang='lat' dir='ltr'><strong>ex</strong></span> <span class='ocrx_word' id='word_1_64' title='bbox 899 599 936 627; x_wconf 89' lang='lat' dir='ltr'><strong>iis</strong></span> <span class='ocrx_word' id='word_1_65' title='bbox 956 608 1034 634; x_wconf 82' lang='lat' dir='ltr'><strong>vero,</strong></span> <span class='ocrx_word' id='word_1_66' title='bbox 1055 599 1105 643; x_wconf 75' lang='lat' dir='ltr'><strong>qni</strong></span> <span class='ocrx_word' id='word_1_67' title='bbox 1127 602 1222 626; x_wconf 84' lang='lat' dir='ltr'><strong>ternas</strong></span> <span class='ocrx_word' id='word_1_68' title='bbox 1244 598 1367 634; x_wconf 73' lang='lat' dir='ltr'><strong>syllabas</strong></span> <span class='ocrx_word' id='word_1_69' title='bbox 1386 598 1503 631; x_wconf 82' lang='lat' dir='ltr'><strong>habent,</strong></span> <span class='ocrx_word' id='word_1_70' title='bbox 1524 597 1668 634; x_wconf 78' lang='lat' dir='ltr'><strong>dactylum</strong></span> <span class='ocrx_word' id='word_1_71' title='bbox 1683 597 1769 634; x_wconf 81' lang='lat' dir='ltr'><strong>longa</strong></span> <span class='ocrx_word' id='word_1_72' title='bbox 1783 598 1951 636; x_wconf 82' lang='lat' dir='ltr'><strong>duabusque</strong></span> 
     </span>
     <span class='ocr_line' id='line_1_9' title="bbox 224 646 1954 685; baseline -0.002 -7"><span class='ocrx_word' id='word_1_73' title='bbox 224 649 377 684; x_wconf 84' lang='lat' dir='ltr'><strong>brevibus,</strong></span> <span class='ocrx_word' id='word_1_74' title='bbox 398 649 465 677; x_wconf 87' lang='lat' dir='ltr'><strong>huic</strong></span> <span class='ocrx_word' id='word_1_75' title='bbox 486 648 663 685; x_wconf 70' lang='lat' dir='ltr'><strong>temporibus</strong></span> <span class='ocrx_word' id='word_1_76' title='bbox 683 658 794 685; x_wconf 88' lang='lat' dir='ltr'><strong>parem,</strong></span> <span class='ocrx_word' id='word_1_77' title='bbox 822 649 872 676; x_wconf 89' lang='lat' dir='ltr'><strong>sed</strong></span> <span class='ocrx_word' id='word_1_78' title='bbox 893 650 969 676; x_wconf 85' lang='lat' dir='ltr'><strong>retro</strong></span> <span class='ocrx_word' id='word_1_79' title='bbox 991 651 1084 676; x_wconf 82' lang='lat' dir='ltr'><strong>actum</strong></span> <span class='ocrx_word' id='word_1_80' title='bbox 1106 647 1245 683; x_wconf 78' lang='lat' dir='ltr'><strong>appellari</strong></span> <span class='ocrx_word' id='word_1_81' title='bbox 1267 650 1379 674; x_wconf 84' lang='lat' dir='ltr'><strong>constat</strong></span> <span class='ocrx_word' id='word_1_82' title='bbox 1406 650 1589 682; x_wconf 78' lang='lat' dir='ltr'><strong>anapaeston.</strong></span> <span class='ocrx_word' id='word_1_83' title='bbox 1631 646 1725 673; x_wconf 87' lang='lat' dir='ltr'><strong>media</strong></span> <span class='ocrx_word' id='word_1_84' title='bbox 1751 646 1829 674; x_wconf 87' lang='lat' dir='ltr'><strong>inter</strong></span> <span class='ocrx_word' id='word_1_85' title='bbox 1854 647 1954 683; x_wconf 78' lang='lat' dir='ltr'><strong>longas</strong></span> 
     </span>
    </p>
   </div>
   <div class='ocr_carea' id='block_1_5' title="bbox 0 695 1955 847">
    <p class='ocr_par' dir='ltr' id='par_1_6' title="bbox 0 695 1955 847">
     <span class='ocr_line' id='line_1_10' title="bbox 0 695 1952 737; baseline -0.002 -10"><span class='ocrx_word' id='word_1_86' title='bbox 0 709 47 737; x_wconf 54' lang='lat' dir='ltr'><strong>,ge</strong></span> <span class='ocrx_word' id='word_1_87' title='bbox 224 698 322 727; x_wconf 85' lang='lat' dir='ltr'><strong>brevis</strong></span> <span class='ocrx_word' id='word_1_88' title='bbox 342 697 429 726; x_wconf 80' lang='lat' dir='ltr'><strong>faciet</strong></span> <span class='ocrx_word' id='word_1_89' title='bbox 450 697 678 734; x_wconf 81' lang='lat' dir='ltr'><strong>amphimacron,</strong></span> <span class='ocrx_word' id='word_1_90' title='bbox 699 697 750 725; x_wconf 90' lang='lat' dir='ltr'><strong>sed</strong></span> <span class='ocrx_word' id='word_1_91' title='bbox 770 697 950 735; x_wconf 86' lang='lat' dir='ltr'><strong>frequentius</strong></span> <span class='ocrx_word' id='word_1_92' title='bbox 971 696 1032 725; x_wconf 89' lang='lat' dir='ltr'><strong>eius</strong></span> <span class='ocrx_word' id='word_1_93' title='bbox 1054 705 1157 724; x_wconf 88' lang='lat' dir='ltr'><strong>nomen</strong></span> <span class='ocrx_word' id='word_1_94' title='bbox 1177 699 1221 724; x_wconf 91' lang='lat' dir='ltr'><strong>est</strong></span> <span class='ocrx_word' id='word_1_95' title='bbox 1242 695 1372 729; x_wconf 86' lang='lat' dir='ltr'><strong>creticus,</strong></span> <span class='ocrx_word' id='word_1_96' title='bbox 1393 695 1477 731; x_wconf 84' lang='lat' dir='ltr'><strong>longa</strong></span> <span class='ocrx_word' id='word_1_97' title='bbox 1498 695 1576 723; x_wconf 87' lang='lat' dir='ltr'><strong>inter</strong></span> <span class='ocrx_word' id='word_1_98' title='bbox 1598 695 1700 723; x_wconf 85' lang='lat' dir='ltr'><strong>breves</strong></span> <span class='ocrx_word' id='word_1_99' title='bbox 1724 696 1952 733; x_wconf 80' lang='lat' dir='ltr'><strong>amphibrachyn</strong></span> 
     </span>
     <span class='ocr_line' id='line_1_11' title="bbox 0 744 1954 787; baseline -0.002 -10"><span class='ocrx_word' id='word_1_100' title='bbox 0 747 42 787; x_wconf 52' lang='lat'><strong>{7⁴3³</strong></span> <span class='ocrx_word' id='word_1_101' title='bbox 225 747 293 777; x_wconf 89' lang='lat' dir='ltr'><strong>huic</strong></span> <span class='ocrx_word' id='word_1_102' title='bbox 313 747 495 776; x_wconf 85' lang='lat' dir='ltr'><strong>contrarium.</strong></span> <span class='ocrx_word' id='word_1_103' title='bbox 538 747 647 775; x_wconf 87' lang='lat' dir='ltr'><strong>duabus</strong></span> <span class='ocrx_word' id='word_1_104' title='bbox 668 746 762 783; x_wconf 80' lang='lat' dir='ltr'><strong>longis</strong></span> <span class='ocrx_word' id='word_1_105' title='bbox 789 745 904 775; x_wconf 79' lang='lat' dir='ltr'><strong>brevem</strong></span> <span class='ocrx_word' id='word_1_106' title='bbox 931 746 1117 784; x_wconf 81' lang='lat' dir='ltr'><strong>sequentibus</strong></span> <span class='ocrx_word' id='word_1_107' title='bbox 1144 745 1294 779; x_wconf 84' lang='lat' dir='ltr'><strong>bacchius,</strong></span> <span class='ocrx_word' id='word_1_108' title='bbox 1324 744 1443 773; x_wconf 80' lang='lat' dir='ltr'><strong>totidem</strong></span> <span class='ocrx_word' id='word_1_109' title='bbox 1465 744 1558 780; x_wconf 86' lang='lat' dir='ltr'><strong>longis</strong></span> <span class='ocrx_word' id='word_1_110' title='bbox 1578 745 1695 773; x_wconf 88' lang='lat' dir='ltr'><strong>brevem</strong></span> <span class='ocrx_word' id='word_1_111' title='bbox 1717 746 1954 782; x_wconf 72' lang='lat' dir='ltr'><strong>praecedentibus</strong></span> 
     </span>
     <span class='ocr_line' id='line_1_12' title="bbox 0 785 1955 847; baseline -0.002 -21"><span class='ocrx_word' id='word_1_112' title='bbox 0 785 50 847; x_wconf 56' lang='lat'><strong>{3}</strong></span> <span class='ocrx_word' id='word_1_113' title='bbox 226 796 450 834; x_wconf 74' lang='lat' dir='ltr'><strong>palimbacchius</strong></span> <span class='ocrx_word' id='word_1_114' title='bbox 470 796 533 824; x_wconf 82' lang='lat' dir='ltr'><strong>erit.</strong></span> <span class='ocrx_word' id='word_1_115' title='bbox 576 798 634 823; x_wconf 85' lang='lat' dir='ltr'><strong>tres</strong></span> <span class='ocrx_word' id='word_1_116' title='bbox 656 797 757 823; x_wconf 85' lang='lat' dir='ltr'><strong>breves</strong></span> <span class='ocrx_word' id='word_1_117' title='bbox 777 796 957 829; x_wconf 84' lang='lat' dir='ltr'><strong>trochaeum,</strong></span> <span class='ocrx_word' id='word_1_118' title='bbox 979 805 1063 832; x_wconf 90' lang='lat' dir='ltr'><strong>quem</strong></span> <span class='ocrx_word' id='word_1_119' title='bbox 1084 795 1252 831; x_wconf 84' lang='lat' dir='ltr'><strong>tribrachyn</strong></span> <span class='ocrx_word' id='word_1_120' title='bbox 1274 795 1331 822; x_wconf 88' lang='lat' dir='ltr'><strong>dici</strong></span> <span class='ocrx_word' id='word_1_121' title='bbox 1353 794 1467 827; x_wconf 82' lang='lat' dir='ltr'><strong>volunt,</strong></span> <span class='ocrx_word' id='word_1_122' title='bbox 1498 793 1548 830; x_wconf 89' lang='lat' dir='ltr'><strong>qui</strong></span> <span class='ocrx_word' id='word_1_123' title='bbox 1569 795 1671 821; x_wconf 86' lang='lat' dir='ltr'><strong>choreo</strong></span> <span class='ocrx_word' id='word_1_124' title='bbox 1693 795 1819 823; x_wconf 85' lang='lat' dir='ltr'><strong>trachaei</strong></span> <span class='ocrx_word' id='word_1_125' title='bbox 1848 804 1955 823; x_wconf 85' lang='lat' dir='ltr'><strong>nomen</strong></span> 
     </span>
    </p>
   </div>
   <div class='ocr_carea' id='block_1_6' title="bbox 0 842 1957 1225">
    <p class='ocr_par' dir='ltr' id='par_1_7' title="bbox 0 842 1438 884">
     <span class='ocr_line' id='line_1_13' title="bbox 0 842 1438 884; baseline -0.002 -11"><span class='ocrx_word' id='word_1_126' title='bbox 0 847 45 884; x_wconf 88' lang='grc' dir='ltr'>ξιξ</span> <span class='ocrx_word' id='word_1_127' title='bbox 227 846 386 881; x_wconf 84' lang='lat' dir='ltr'><strong>inponunt,</strong></span> <span class='ocrx_word' id='word_1_128' title='bbox 406 844 525 872; x_wconf 85' lang='lat' dir='ltr'><strong>totidem</strong></span> <span class='ocrx_word' id='word_1_129' title='bbox 547 844 649 880; x_wconf 83' lang='lat' dir='ltr'><strong>longae</strong></span> <span class='ocrx_word' id='word_1_130' title='bbox 670 844 813 872; x_wconf 82' lang='lat' dir='ltr'><strong>molosson</strong></span> <span class='ocrx_word' id='word_1_131' title='bbox 834 844 968 872; x_wconf 88' lang='lat' dir='ltr'><strong>efficient.</strong></span> <span class='ocrx_word' id='word_1_132' title='bbox 1012 844 1073 880; x_wconf 91' lang='lat' dir='ltr'><strong>(lib.</strong></span> <span class='ocrx_word' id='word_1_133' title='bbox 1093 843 1146 878; x_wconf 91' lang='lat' dir='ltr'><strong>IX,</strong></span> <span class='ocrx_word' id='word_1_134' title='bbox 1168 846 1195 878; x_wconf 80' lang='lat'><strong>4,</strong></span> <span class='ocrx_word' id='word_1_135' title='bbox 1219 844 1272 878; x_wconf 87' lang='lat'><strong>79;</strong></span> <span class='ocrx_word' id='word_1_136' title='bbox 1296 842 1438 879; x_wconf 87' lang='lat'><strong>80—82.)</strong></span> 
     </span>
    </p>

    <p class='ocr_par' dir='ltr' id='par_1_8' title="bbox 39 883 1957 1225">
     <span class='ocr_line' id='line_1_14' title="bbox 39 883 1954 933; baseline -0.001 -10"><span class='ocrx_word' id='word_1_137' title='bbox 39 883 55 887; x_wconf 26' lang='grc' dir='ltr'>ἢ</span> <span class='ocrx_word' id='word_1_138' title='bbox 228 894 310 933; x_wconf 72' lang='lat' dir='ltr'><strong>(Isid.</strong></span> <span class='ocrx_word' id='word_1_139' title='bbox 339 894 387 923; x_wconf 92' lang='lat' dir='ltr'><strong>Or.</strong></span> <span class='ocrx_word' id='word_1_140' title='bbox 403 894 450 929; x_wconf 91' lang='lat' dir='ltr'><strong>II,</strong></span> <span class='ocrx_word' id='word_1_141' title='bbox 481 896 532 922; x_wconf 80' lang='lat'><strong>18:</strong></span> <span class='ocrx_word' id='word_1_142' title='bbox 566 894 744 931; x_wconf 83' lang='lat' dir='ltr'><strong>Compouitur</strong></span> <span class='ocrx_word' id='word_1_143' title='bbox 771 898 860 921; x_wconf 82' lang='lat' dir='ltr'><strong>autem</strong></span> <span class='ocrx_word' id='word_1_144' title='bbox 887 894 1089 931; x_wconf 75' lang='lat' dir='ltr'><strong>instruiturque</strong></span> <span class='ocrx_word' id='word_1_145' title='bbox 1113 895 1201 921; x_wconf 79' lang='lat' dir='ltr'><strong>omnis</strong></span> <span class='ocrx_word' id='word_1_146' title='bbox 1227 894 1317 921; x_wconf 79' lang='lat' dir='ltr'><strong>oratio</strong></span> <span class='ocrx_word' id='word_1_147' title='bbox 1347 897 1493 926; x_wconf 82' lang='lat' dir='ltr'><strong>commate,</strong></span> <span class='ocrx_word' id='word_1_148' title='bbox 1529 893 1590 920; x_wconf 86' lang='lat' dir='ltr'><strong>colo</strong></span> <span class='ocrx_word' id='word_1_149' title='bbox 1615 897 1643 919; x_wconf 83' lang='lat' dir='ltr'><strong>el</strong></span> <span class='ocrx_word' id='word_1_150' title='bbox 1665 894 1792 929; x_wconf 77' lang='lat' dir='ltr'><strong>periodo.</strong></span> <span class='ocrx_word' id='word_1_151' title='bbox 1848 904 1954 922; x_wconf 85' lang='lat' dir='ltr'><strong>comma</strong></span> 
     </span>
     <span class='ocr_line' id='line_1_15' title="bbox 225 941 1956 981; baseline 0 -10"><span class='ocrx_word' id='word_1_152' title='bbox 225 944 367 981; x_wconf 83' lang='lat' dir='ltr'><strong>particula</strong></span> <span class='ocrx_word' id='word_1_153' title='bbox 393 947 435 970; x_wconf 79' lang='lat' dir='ltr'><strong>est</strong></span> <span class='ocrx_word' id='word_1_154' title='bbox 462 944 623 970; x_wconf 80' lang='lat' dir='ltr'><strong>sententiae.</strong></span> <span class='ocrx_word' id='word_1_155' title='bbox 668 943 746 970; x_wconf 86' lang='lat' dir='ltr'><strong>colon</strong></span> <span class='ocrx_word' id='word_1_156' title='bbox 769 942 924 969; x_wconf 83' lang='lat' dir='ltr'><strong>membrum.</strong></span> <span class='ocrx_word' id='word_1_157' title='bbox 966 943 1097 978; x_wconf 77' lang='lat' dir='ltr'><strong>periodus</strong></span> <span class='ocrx_word' id='word_1_158' title='bbox 1122 942 1241 969; x_wconf 80' lang='lat' dir='ltr'><strong>ambitus</strong></span> <span class='ocrx_word' id='word_1_159' title='bbox 1269 943 1312 969; x_wconf 87' lang='lat' dir='ltr'><strong>vel</strong></span> <span class='ocrx_word' id='word_1_160' title='bbox 1338 943 1496 976; x_wconf 81' lang='lat' dir='ltr'><strong>circuitus.)</strong></span> <span class='ocrx_word' id='word_1_161' title='bbox 1544 941 1662 977; x_wconf 85' lang='lat' dir='ltr'><strong>periodo</strong></span> <span class='ocrx_word' id='word_1_162' title='bbox 1688 942 1812 977; x_wconf 87' lang='lat' dir='ltr'><strong>plurima</strong></span> <span class='ocrx_word' id='word_1_163' title='bbox 1838 943 1956 971; x_wconf 83' lang='lat' dir='ltr'><strong>nomina</strong></span> 
     </span>
     <span class='ocr_line' id='line_1_16' title="bbox 228 989 1955 1028; baseline 0 -8"><span class='ocrx_word' id='word_1_164' title='bbox 228 993 277 1021; x_wconf 84' lang='lat' dir='ltr'><strong>dat</strong></span> <span class='ocrx_word' id='word_1_165' title='bbox 298 992 410 1026; x_wconf 84' lang='lat' dir='ltr'><strong>Cicero,</strong></span> <span class='ocrx_word' id='word_1_166' title='bbox 439 991 589 1025; x_wconf 82' lang='lat' dir='ltr'><strong>ambitum,</strong></span> <span class='ocrx_word' id='word_1_167' title='bbox 610 990 773 1026; x_wconf 87' lang='lat' dir='ltr'><strong>circuitum,</strong></span> <span class='ocrx_word' id='word_1_168' title='bbox 795 990 1047 1028; x_wconf 84' lang='lat' dir='ltr'><strong>conprensionem,</strong></span> <span class='ocrx_word' id='word_1_169' title='bbox 1068 990 1326 1025; x_wconf 85' lang='lat' dir='ltr'><strong>continuationem,</strong></span> <span class='ocrx_word' id='word_1_170' title='bbox 1348 989 1648 1027; x_wconf 76' lang='lat' dir='ltr'><strong>circumscriptionem.</strong></span> <span class='ocrx_word' id='word_1_171' title='bbox 1690 999 1794 1027; x_wconf 83' lang='lat' dir='ltr'><strong>genera</strong></span> <span class='ocrx_word' id='word_1_172' title='bbox 1815 991 1878 1020; x_wconf 84' lang='lat' dir='ltr'><strong>eius</strong></span> <span class='ocrx_word' id='word_1_173' title='bbox 1900 992 1955 1020; x_wconf 86' lang='lat' dir='ltr'><strong>duo</strong></span> 
     </span>
     <span class='ocr_line' id='line_1_17' title="bbox 229 1040 1957 1080; baseline 0.001 -10"><span class='ocrx_word' id='word_1_174' title='bbox 229 1045 296 1071; x_wconf 84' lang='lat' dir='ltr'><strong>sunt</strong></span> <span class='ocrx_word' id='word_1_175' title='bbox 317 1050 341 1070; x_wconf 88' lang='lat' dir='ltr'><strong>e.</strong></span> <span class='ocrx_word' id='word_1_176' title='bbox 364 1051 390 1080; x_wconf 91' lang='lat' dir='ltr'><strong>q.</strong></span> <span class='ocrx_word' id='word_1_177' title='bbox 412 1051 434 1070; x_wconf 80' lang='lat' dir='ltr'><strong>s,</strong></span> <span class='ocrx_word' id='word_1_178' title='bbox 458 1041 525 1078; x_wconf 89' lang='lat' dir='ltr'><strong>(IX,</strong></span> <span class='ocrx_word' id='word_1_179' title='bbox 547 1043 574 1075; x_wconf 83' lang='lat'><strong>4,</strong></span> <span class='ocrx_word' id='word_1_180' title='bbox 599 1041 677 1077; x_wconf 82' lang='lat'><strong>124).</strong></span> <span class='ocrx_word' id='word_1_181' title='bbox 699 1057 740 1061; x_wconf 97' lang='lat'><strong>—</strong></span> <span class='ocrx_word' id='word_1_182' title='bbox 768 1040 891 1077; x_wconf 90' lang='lat' dir='ltr'><strong>primum</strong></span> <span class='ocrx_word' id='word_1_183' title='bbox 920 1040 1009 1076; x_wconf 80' lang='lat' dir='ltr'><strong>igitur</strong></span> <span class='ocrx_word' id='word_1_184' title='bbox 1037 1041 1073 1069; x_wconf 85' lang='lat' dir='ltr'><strong>de</strong></span> <span class='ocrx_word' id='word_1_185' title='bbox 1095 1040 1203 1069; x_wconf 86' lang='lat' dir='ltr'><strong>ordine.</strong></span> <span class='ocrx_word' id='word_1_186' title='bbox 1254 1040 1315 1068; x_wconf 90' lang='lat' dir='ltr'><strong>eius</strong></span> <span class='ocrx_word' id='word_1_187' title='bbox 1345 1040 1506 1069; x_wconf 85' lang='lat' dir='ltr'><strong>observatio</strong></span> <span class='ocrx_word' id='word_1_188' title='bbox 1536 1040 1568 1068; x_wconf 88' lang='lat' dir='ltr'><strong>in</strong></span> <span class='ocrx_word' id='word_1_189' title='bbox 1598 1040 1696 1068; x_wconf 85' lang='lat' dir='ltr'><strong>verbis</strong></span> <span class='ocrx_word' id='word_1_190' title='bbox 1718 1044 1762 1069; x_wconf 88' lang='lat' dir='ltr'><strong>est</strong></span> <span class='ocrx_word' id='word_1_191' title='bbox 1783 1041 1905 1077; x_wconf 84' lang='lat' dir='ltr'><strong>singulis</strong></span> <span class='ocrx_word' id='word_1_192' title='bbox 1928 1046 1957 1071; x_wconf 89' lang='lat' dir='ltr'><strong>et</strong></span> 
     </span>
     <span class='ocr_line' id='line_1_18' title="bbox 228 1086 1957 1127; baseline 0 -8"><span class='ocrx_word' id='word_1_193' title='bbox 228 1091 379 1119; x_wconf 79' lang='lat' dir='ltr'><strong>contextis.</strong></span> <span class='ocrx_word' id='word_1_194' title='bbox 420 1091 532 1126; x_wconf 86' lang='lat' dir='ltr'><strong>singula</strong></span> <span class='ocrx_word' id='word_1_195' title='bbox 553 1094 627 1123; x_wconf 88' lang='lat' dir='ltr'><strong>sunt,</strong></span> <span class='ocrx_word' id='word_1_196' title='bbox 649 1099 722 1127; x_wconf 88' lang='lat' dir='ltr'><strong>quae</strong></span> <span class='ocrx_word' id='word_1_197' title='bbox 743 1086 882 1117; x_wconf 73' lang='grc' dir='ltr'><strong>α’σύνδετα</strong></span> <span class='ocrx_word' id='word_1_198' title='bbox 904 1090 1038 1117; x_wconf 83' lang='lat' dir='ltr'><strong>diximus.</strong></span> <span class='ocrx_word' id='word_1_199' title='bbox 1079 1090 1111 1117; x_wconf 90' lang='lat' dir='ltr'><strong>in</strong></span> <span class='ocrx_word' id='word_1_200' title='bbox 1132 1090 1177 1117; x_wconf 89' lang='lat' dir='ltr'><strong>his</strong></span> <span class='ocrx_word' id='word_1_201' title='bbox 1193 1090 1359 1123; x_wconf 79' lang='lat' dir='ltr'><strong>cavendum,</strong></span> <span class='ocrx_word' id='word_1_202' title='bbox 1381 1099 1417 1117; x_wconf 87' lang='lat' dir='ltr'><strong>ue</strong></span> <span class='ocrx_word' id='word_1_203' title='bbox 1438 1090 1584 1117; x_wconf 83' lang='lat' dir='ltr'><strong>decrescat</strong></span> <span class='ocrx_word' id='word_1_204' title='bbox 1603 1090 1694 1117; x_wconf 84' lang='lat' dir='ltr'><strong>oratio</strong></span> <span class='ocrx_word' id='word_1_205' title='bbox 1716 1093 1745 1117; x_wconf 90' lang='lat' dir='ltr'><strong>et</strong></span> <span class='ocrx_word' id='word_1_206' title='bbox 1761 1090 1873 1119; x_wconf 80' lang='lat' dir='ltr'><strong>fortiori</strong></span> <span class='ocrx_word' id='word_1_207' title='bbox 1890 1093 1957 1119; x_wconf 91' lang='lat' dir='ltr'><strong>sub-</strong></span> 
     </span>
     <span class='ocr_line' id='line_1_19' title="bbox 228 1138 1957 1177; baseline 0.001 -10"><span class='ocrx_word' id='word_1_208' title='bbox 228 1139 364 1176; x_wconf 82' lang='lat' dir='ltr'><strong>iungatur</strong></span> <span class='ocrx_word' id='word_1_209' title='bbox 386 1139 496 1177; x_wconf 83' lang='lat' dir='ltr'><strong>aliquid</strong></span> <span class='ocrx_word' id='word_1_210' title='bbox 516 1139 671 1173; x_wconf 88' lang='lat' dir='ltr'><strong>infirmius,</strong></span> <span class='ocrx_word' id='word_1_211' title='bbox 693 1141 725 1166; x_wconf 88' lang='lat' dir='ltr'><strong>ut</strong></span> <span class='ocrx_word' id='word_1_212' title='bbox 745 1138 882 1175; x_wconf 82' lang='lat' dir='ltr'><strong>sacrilego</strong></span> <span class='ocrx_word' id='word_1_213' title='bbox 903 1139 949 1166; x_wconf 82' lang='lat' dir='ltr'><strong>fur</strong></span> <span class='ocrx_word' id='word_1_214' title='bbox 970 1142 1020 1167; x_wconf 88' lang='lat' dir='ltr'><strong>aut</strong></span> <span class='ocrx_word' id='word_1_215' title='bbox 1041 1138 1145 1167; x_wconf 80' lang='lat' dir='ltr'><strong>latroni</strong></span> <span class='ocrx_word' id='word_1_216' title='bbox 1165 1138 1313 1175; x_wconf 81' lang='lat' dir='ltr'><strong>petulans:</strong></span> <span class='ocrx_word' id='word_1_217' title='bbox 1335 1138 1433 1174; x_wconf 84' lang='lat' dir='ltr'><strong>augeri</strong></span> <span class='ocrx_word' id='word_1_218' title='bbox 1454 1138 1530 1166; x_wconf 89' lang='lat' dir='ltr'><strong>enim</strong></span> <span class='ocrx_word' id='word_1_219' title='bbox 1552 1139 1659 1166; x_wconf 88' lang='lat' dir='ltr'><strong>debent</strong></span> <span class='ocrx_word' id='word_1_220' title='bbox 1679 1139 1840 1167; x_wconf 85' lang='lat' dir='ltr'><strong>sententiae</strong></span> <span class='ocrx_word' id='word_1_221' title='bbox 1862 1144 1891 1168; x_wconf 90' lang='lat' dir='ltr'><strong>et</strong></span> <span class='ocrx_word' id='word_1_222' title='bbox 1912 1141 1957 1169; x_wconf 89' lang='lat' dir='ltr'><strong>in—</strong></span> 
     </span>
     <span class='ocr_line' id='line_1_20' title="bbox 230 1187 1034 1225; baseline -0.002 -8"><span class='ocrx_word' id='word_1_223' title='bbox 230 1197 358 1224; x_wconf 84' lang='lat' dir='ltr'><strong>surgere,</strong></span> <span class='ocrx_word' id='word_1_224' title='bbox 380 1191 413 1216; x_wconf 90' lang='lat' dir='ltr'><strong>ut</strong></span> <span class='ocrx_word' id='word_1_225' title='bbox 433 1188 540 1224; x_wconf 85' lang='lat' dir='ltr'><strong>optime</strong></span> <span class='ocrx_word' id='word_1_226' title='bbox 561 1187 659 1216; x_wconf 89' lang='lat' dir='ltr'><strong>Cicero</strong></span> <span class='ocrx_word' id='word_1_227' title='bbox 681 1197 705 1215; x_wconf 89' lang='lat' dir='ltr'><strong>e.</strong></span> <span class='ocrx_word' id='word_1_228' title='bbox 728 1198 755 1225; x_wconf 95' lang='lat' dir='ltr'><strong>q.</strong></span> <span class='ocrx_word' id='word_1_229' title='bbox 778 1197 799 1215; x_wconf 88' lang='lat' dir='ltr'><strong>s.</strong></span> <span class='ocrx_word' id='word_1_230' title='bbox 841 1188 871 1225; x_wconf 87' lang='lat'><strong>(1.</strong></span> <span class='ocrx_word' id='word_1_231' title='bbox 896 1188 914 1215; x_wconf 88' lang='lat'><strong>1.</strong></span> <span class='ocrx_word' id='word_1_232' title='bbox 937 1187 953 1225; x_wconf 69' lang='lat' dir='ltr'>S</span> <span class='ocrx_word' id='word_1_233' title='bbox 973 1187 1034 1225; x_wconf 81' lang='lat'><strong>23.)</strong></span> 
     </span>
    </p>
   </div>
   <div class='ocr_carea' id='block_1_7' title="bbox 0 1285 1969 2361">
    <p class='ocr_par' dir='ltr' id='par_1_9' title="bbox 0 1285 1969 2361">
     <span class='ocr_line' id='line_1_21' title="bbox 1542 1285 1959 1326; baseline 0.012 -13"><span class='ocrx_word' id='word_1_234' title='bbox 1542 1285 1697 1314; x_wconf 88' lang='lat' dir='ltr'><strong>videndum</strong></span> <span class='ocrx_word' id='word_1_235' title='bbox 1719 1286 1820 1322; x_wconf 85' lang='lat' dir='ltr'><strong>etiam,</strong></span> <span class='ocrx_word' id='word_1_236' title='bbox 1842 1297 1879 1317; x_wconf 88' lang='lat' dir='ltr'><strong>ue</strong></span> <span class='ocrx_word' id='word_1_237' title='bbox 1900 1289 1959 1326; x_wconf 85' lang='lat' dir='ltr'><strong>syl-</strong></span> 
     </span>
     <span class='ocr_line' id='line_1_22' title="bbox 232 1334 1959 1374; baseline 0.002 -10"><span class='ocrx_word' id='word_1_238' title='bbox 232 1335 313 1364; x_wconf 85' lang='lat' dir='ltr'><strong>labae</strong></span> <span class='ocrx_word' id='word_1_239' title='bbox 334 1334 416 1364; x_wconf 87' lang='lat' dir='ltr'><strong>verbi</strong></span> <span class='ocrx_word' id='word_1_240' title='bbox 437 1334 541 1372; x_wconf 87' lang='lat' dir='ltr'><strong>prioris</strong></span> <span class='ocrx_word' id='word_1_241' title='bbox 562 1334 679 1363; x_wconf 87' lang='lat' dir='ltr'><strong>ultimae</strong></span> <span class='ocrx_word' id='word_1_242' title='bbox 701 1338 730 1363; x_wconf 85' lang='lat' dir='ltr'><strong>et</strong></span> <span class='ocrx_word' id='word_1_243' title='bbox 750 1334 859 1371; x_wconf 77' lang='lat' dir='ltr'><strong>primae</strong></span> <span class='ocrx_word' id='word_1_244' title='bbox 880 1334 1027 1372; x_wconf 86' lang='lat' dir='ltr'><strong>sequentis</strong></span> <span class='ocrx_word' id='word_1_245' title='bbox 1048 1334 1107 1363; x_wconf 87' lang='lat' dir='ltr'><strong>sint</strong></span> <span class='ocrx_word' id='word_1_246' title='bbox 1127 1335 1258 1363; x_wconf 83' lang='lat' dir='ltr'><strong>eaedem:</strong></span> <span class='ocrx_word' id='word_1_247' title='bbox 1281 1336 1357 1373; x_wconf 90' lang='lat' dir='ltr'><strong>quod</strong></span> <span class='ocrx_word' id='word_1_248' title='bbox 1378 1344 1414 1363; x_wconf 87' lang='lat' dir='ltr'><strong>ne</strong></span> <span class='ocrx_word' id='word_1_249' title='bbox 1436 1335 1500 1374; x_wconf 90' lang='lat' dir='ltr'><strong>quis</strong></span> <span class='ocrx_word' id='word_1_250' title='bbox 1521 1335 1650 1373; x_wconf 85' lang='lat' dir='ltr'><strong>praecipi</strong></span> <span class='ocrx_word' id='word_1_251' title='bbox 1670 1336 1805 1371; x_wconf 87' lang='lat' dir='ltr'><strong>miretur,</strong></span> <span class='ocrx_word' id='word_1_252' title='bbox 1827 1337 1959 1367; x_wconf 83' lang='lat' dir='ltr'><strong>Ciceroni</strong></span> 
     </span>
     <span class='ocr_line' id='line_1_23' title="bbox 232 1380 1959 1422; baseline 0.002 -9"><span class='ocrx_word' id='word_1_253' title='bbox 232 1386 264 1414; x_wconf 89' lang='lat' dir='ltr'><strong>iu</strong></span> <span class='ocrx_word' id='word_1_254' title='bbox 286 1385 416 1422; x_wconf 85' lang='lat' dir='ltr'><strong>epistulis</strong></span> <span class='ocrx_word' id='word_1_255' title='bbox 444 1384 564 1412; x_wconf 87' lang='lat' dir='ltr'><strong>excidit:</strong></span> <span class='ocrx_word' id='word_1_256' title='bbox 593 1380 647 1412; x_wconf 85' lang='lat' dir='ltr'><strong>‘res</strong></span> <span class='ocrx_word' id='word_1_257' title='bbox 677 1384 749 1411; x_wconf 91' lang='lat' dir='ltr'><strong>mihi</strong></span> <span class='ocrx_word' id='word_1_258' title='bbox 777 1384 888 1412; x_wconf 85' lang='lat' dir='ltr'><strong>invisae</strong></span> <span class='ocrx_word' id='word_1_259' title='bbox 917 1384 996 1412; x_wconf 86' lang='lat' dir='ltr'><strong>visae</strong></span> <span class='ocrx_word' id='word_1_260' title='bbox 1024 1388 1105 1418; x_wconf 84' lang='lat' dir='ltr'><strong>suut,</strong></span> <span class='ocrx_word' id='word_1_261' title='bbox 1134 1381 1246 1418; x_wconf 87' lang='lat' dir='ltr'><strong>Brute&#39;,</strong></span> <span class='ocrx_word' id='word_1_262' title='bbox 1276 1384 1357 1412; x_wconf 91' lang='lat' dir='ltr'><strong>etin</strong></span> <span class='ocrx_word' id='word_1_263' title='bbox 1379 1385 1518 1412; x_wconf 83' lang='lat' dir='ltr'><strong>carmine:</strong></span> <span class='ocrx_word' id='word_1_264' title='bbox 1546 1381 1572 1413; x_wconf 86' lang='lat' dir='ltr'><strong>‘o</strong></span> <span class='ocrx_word' id='word_1_265' title='bbox 1599 1386 1773 1413; x_wconf 83' lang='lat' dir='ltr'><strong>fortunatam</strong></span> <span class='ocrx_word' id='word_1_266' title='bbox 1794 1389 1891 1415; x_wconf 90' lang='lat' dir='ltr'><strong>natam</strong></span> <span class='ocrx_word' id='word_1_267' title='bbox 1912 1397 1959 1416; x_wconf 87' lang='lat' dir='ltr'><strong>me</strong></span> 
     </span>
     <span class='ocr_line' id='line_1_24' title="bbox 233 1430 736 1471; baseline -0.004 -8"><span class='ocrx_word' id='word_1_268' title='bbox 233 1434 350 1463; x_wconf 86' lang='lat' dir='ltr'><strong>consule</strong></span> <span class='ocrx_word' id='word_1_269' title='bbox 370 1430 505 1462; x_wconf 87' lang='lat' dir='ltr'><strong>Romam’.</strong></span> <span class='ocrx_word' id='word_1_270' title='bbox 548 1433 580 1471; x_wconf 90' lang='lat' dir='ltr'><strong>(l.</strong></span> <span class='ocrx_word' id='word_1_271' title='bbox 601 1433 619 1461; x_wconf 94' lang='lat'><strong>1.</strong></span> <span class='ocrx_word' id='word_1_272' title='bbox 641 1433 660 1471; x_wconf 68' lang='grc' dir='ltr'>ξ</span> <span class='ocrx_word' id='word_1_273' title='bbox 675 1433 736 1470; x_wconf 84' lang='grc'>41.)</span> 
     </span>
     <span class='ocr_line' id='line_1_25' title="bbox 9 1481 1957 1521; baseline 0.003 -13"><span class='ocrx_word' id='word_1_274' title='bbox 9 1481 53 1520; x_wconf 16' lang='grc' dir='ltr'><strong>’,η’,ιγ</strong></span> <span class='ocrx_word' id='word_1_275' title='bbox 1038 1482 1118 1520; x_wconf 86' lang='lat' dir='ltr'><strong>(Isid.</strong></span> <span class='ocrx_word' id='word_1_276' title='bbox 1140 1483 1159 1510; x_wconf 92' lang='lat' dir='ltr'><strong>l.</strong></span> <span class='ocrx_word' id='word_1_277' title='bbox 1182 1483 1216 1511; x_wconf 86' lang='lat' dir='ltr'><strong>L:</strong></span> <span class='ocrx_word' id='word_1_278' title='bbox 1236 1483 1278 1519; x_wconf 84' lang='lat' dir='ltr'><strong>fil</strong></span> <span class='ocrx_word' id='word_1_279' title='bbox 1298 1488 1387 1511; x_wconf 82' lang='lat' dir='ltr'><strong>autem</strong></span> <span class='ocrx_word' id='word_1_280' title='bbox 1409 1493 1444 1510; x_wconf 73' lang='lat' dir='ltr'><strong>ex</strong></span> <span class='ocrx_word' id='word_1_281' title='bbox 1466 1485 1657 1511; x_wconf 78' lang='lat' dir='ltr'><strong>coniunctione</strong></span> <span class='ocrx_word' id='word_1_282' title='bbox 1678 1485 1821 1512; x_wconf 83' lang='lat' dir='ltr'><strong>verborum</strong></span> <span class='ocrx_word' id='word_1_283' title='bbox 1843 1495 1957 1521; x_wconf 78' lang='lat' dir='ltr'><strong>comma,</strong></span> 
     </span>
     <span class='ocr_line' id='line_1_26' title="bbox 0 1507 1960 1581; baseline 0.003 -22"><span class='ocrx_word' id='word_1_284' title='bbox 0 1507 37 1581; x_wconf 44' lang='grc' dir='ltr'><strong>ᾗ</strong></span> <span class='ocrx_word' id='word_1_285' title='bbox 233 1542 270 1560; x_wconf 71' lang='lat' dir='ltr'><strong>ez·</strong></span> <span class='ocrx_word' id='word_1_286' title='bbox 292 1536 423 1560; x_wconf 75' lang='lat' dir='ltr'><strong>commate</strong></span> <span class='ocrx_word' id='word_1_287' title='bbox 443 1532 538 1565; x_wconf 87' lang='lat' dir='ltr'><strong>colon,</strong></span> <span class='ocrx_word' id='word_1_288' title='bbox 567 1541 603 1559; x_wconf 74' lang='lat' dir='ltr'><strong>ex</strong></span> <span class='ocrx_word' id='word_1_289' title='bbox 623 1532 691 1559; x_wconf 78' lang='lat' dir='ltr'><strong>colis</strong></span> <span class='ocrx_word' id='word_1_290' title='bbox 709 1532 866 1569; x_wconf 78' lang='lat' dir='ltr'><strong>periodus.)</strong></span> <span class='ocrx_word' id='word_1_291' title='bbox 907 1531 1045 1566; x_wconf 88' lang='lat' dir='ltr'><strong>incisum,</strong></span> <span class='ocrx_word' id='word_1_292' title='bbox 1076 1534 1213 1569; x_wconf 84' lang='lat' dir='ltr'><strong>quantum</strong></span> <span class='ocrx_word' id='word_1_293' title='bbox 1244 1541 1306 1560; x_wconf 82' lang='lat' dir='ltr'><strong>mea</strong></span> <span class='ocrx_word' id='word_1_294' title='bbox 1326 1532 1384 1560; x_wconf 77' lang='lat' dir='ltr'><strong>fert</strong></span> <span class='ocrx_word' id='word_1_295' title='bbox 1403 1531 1517 1569; x_wconf 88' lang='lat' dir='ltr'><strong>opinio,</strong></span> <span class='ocrx_word' id='word_1_296' title='bbox 1548 1532 1604 1569; x_wconf 71' lang='lat' dir='ltr'><strong>erit</strong></span> <span class='ocrx_word' id='word_1_297' title='bbox 1632 1542 1732 1561; x_wconf 84' lang='lat' dir='ltr'><strong>seusus</strong></span> <span class='ocrx_word' id='word_1_298' title='bbox 1762 1543 1822 1563; x_wconf 88' lang='lat' dir='ltr'><strong>non</strong></span> <span class='ocrx_word' id='word_1_299' title='bbox 1843 1535 1960 1572; x_wconf 84' lang='lat' dir='ltr'><strong>expleto</strong></span> 
     </span>
     <span class='ocr_line' id='line_1_27' title="bbox 0 1580 1962 1621; baseline 0.002 -11"><span class='ocrx_word' id='word_1_300' title='bbox 0 1583 26 1609; x_wconf 59' lang='lat'><strong>⁵51</strong></span> <span class='ocrx_word' id='word_1_301' title='bbox 236 1590 353 1610; x_wconf 85' lang='lat' dir='ltr'><strong>numero</strong></span> <span class='ocrx_word' id='word_1_302' title='bbox 382 1581 544 1616; x_wconf 77' lang='lat' dir='ltr'><strong>conclusus,</strong></span> <span class='ocrx_word' id='word_1_303' title='bbox 570 1580 715 1618; x_wconf 87' lang='lat' dir='ltr'><strong>plerisque</strong></span> <span class='ocrx_word' id='word_1_304' title='bbox 742 1590 808 1617; x_wconf 89' lang='lat' dir='ltr'><strong>pars</strong></span> <span class='ocrx_word' id='word_1_305' title='bbox 829 1581 956 1610; x_wconf 89' lang='lat' dir='ltr'><strong>membri.</strong></span> <span class='ocrx_word' id='word_1_306' title='bbox 1006 1581 1063 1609; x_wconf 85' lang='lat' dir='ltr'><strong>tale</strong></span> <span class='ocrx_word' id='word_1_307' title='bbox 1083 1584 1127 1609; x_wconf 86' lang='lat' dir='ltr'><strong>est</strong></span> <span class='ocrx_word' id='word_1_308' title='bbox 1147 1581 1238 1616; x_wconf 90' lang='lat' dir='ltr'><strong>euim,</strong></span> <span class='ocrx_word' id='word_1_309' title='bbox 1268 1591 1324 1620; x_wconf 89' lang='lat' dir='ltr'><strong>quo</strong></span> <span class='ocrx_word' id='word_1_310' title='bbox 1347 1582 1444 1610; x_wconf 87' lang='lat' dir='ltr'><strong>Cicero</strong></span> <span class='ocrx_word' id='word_1_311' title='bbox 1472 1582 1563 1610; x_wconf 88' lang='lat' dir='ltr'><strong>utitur</strong></span> <span class='ocrx_word' id='word_1_312' title='bbox 1584 1582 1646 1620; x_wconf 90' lang='lat' dir='ltr'><strong>(Or.</strong></span> <span class='ocrx_word' id='word_1_313' title='bbox 1665 1583 1713 1617; x_wconf 78' lang='lat'><strong>67,</strong></span> <span class='ocrx_word' id='word_1_314' title='bbox 1735 1584 1823 1621; x_wconf 84' lang='lat'><strong>223):</strong></span> <span class='ocrx_word' id='word_1_315' title='bbox 1852 1580 1962 1614; x_wconf 83' lang='lat' dir='ltr'><strong>‘domus</strong></span> 
     </span>
     <span class='ocr_line' id='line_1_28' title="bbox 0 1615 1963 1667; baseline 0.003 -9"><span class='ocrx_word' id='word_1_316' title='bbox 0 1615 29 1645; x_wconf 36' lang='grc' dir='ltr'><strong>ᾗ*</strong></span> <span class='ocrx_word' id='word_1_317' title='bbox 236 1631 291 1659; x_wconf 86' lang='lat' dir='ltr'><strong>tibi</strong></span> <span class='ocrx_word' id='word_1_318' title='bbox 311 1629 427 1658; x_wconf 87' lang='lat' dir='ltr'><strong>deerat?</strong></span> <span class='ocrx_word' id='word_1_319' title='bbox 457 1633 487 1658; x_wconf 78' lang='lat' dir='ltr'><strong>at</strong></span> <span class='ocrx_word' id='word_1_320' title='bbox 507 1630 640 1658; x_wconf 82' lang='lat' dir='ltr'><strong>habebas.</strong></span> <span class='ocrx_word' id='word_1_321' title='bbox 691 1630 813 1666; x_wconf 84' lang='lat' dir='ltr'><strong>pecunia</strong></span> <span class='ocrx_word' id='word_1_322' title='bbox 834 1629 1006 1666; x_wconf 86' lang='lat' dir='ltr'><strong>superabat?</strong></span> <span class='ocrx_word' id='word_1_323' title='bbox 1034 1633 1064 1658; x_wconf 85' lang='lat' dir='ltr'><strong>at</strong></span> <span class='ocrx_word' id='word_1_324' title='bbox 1084 1627 1205 1665; x_wconf 81' lang='lat' dir='ltr'><strong>egebas&#39;.</strong></span> <span class='ocrx_word' id='word_1_325' title='bbox 1255 1631 1329 1659; x_wconf 86' lang='lat' dir='ltr'><strong>fiunt</strong></span> <span class='ocrx_word' id='word_1_326' title='bbox 1357 1634 1450 1659; x_wconf 88' lang='lat' dir='ltr'><strong>autem</strong></span> <span class='ocrx_word' id='word_1_327' title='bbox 1472 1631 1558 1658; x_wconf 85' lang='lat' dir='ltr'><strong>etiam</strong></span> <span class='ocrx_word' id='word_1_328' title='bbox 1579 1631 1701 1667; x_wconf 80' lang='lat' dir='ltr'><strong>singulis</strong></span> <span class='ocrx_word' id='word_1_329' title='bbox 1730 1632 1828 1661; x_wconf 88' lang='lat' dir='ltr'><strong>verbis</strong></span> <span class='ocrx_word' id='word_1_330' title='bbox 1854 1633 1963 1663; x_wconf 82' lang='lat' dir='ltr'><strong>incisa:</strong></span> 
     </span>
     <span class='ocr_line' id='line_1_29' title="bbox 1 1674 1964 1719; baseline 0.003 -13"><span class='ocrx_word' id='word_1_331' title='bbox 1 1678 12 1693; x_wconf 71' lang='lat'><strong><em>¹</em></strong></span> <span class='ocrx_word' id='word_1_332' title='bbox 234 1676 378 1712; x_wconf 86' lang='lat' dir='ltr'><strong>‘diximus,</strong></span> <span class='ocrx_word' id='word_1_333' title='bbox 399 1680 487 1707; x_wconf 87' lang='lat' dir='ltr'><strong>testes</strong></span> <span class='ocrx_word' id='word_1_334' title='bbox 508 1679 576 1706; x_wconf 84' lang='lat' dir='ltr'><strong>dare</strong></span> <span class='ocrx_word' id='word_1_335' title='bbox 596 1674 749 1706; x_wconf 86' lang='lat' dir='ltr'><strong>volumus&#39;:</strong></span> <span class='ocrx_word' id='word_1_336' title='bbox 771 1678 893 1707; x_wconf 83' lang='lat' dir='ltr'><strong>incisum</strong></span> <span class='ocrx_word' id='word_1_337' title='bbox 914 1681 958 1707; x_wconf 86' lang='lat' dir='ltr'><strong>est</strong></span> <span class='ocrx_word' id='word_1_338' title='bbox 977 1674 1134 1707; x_wconf 81' lang='lat' dir='ltr'><strong>‘diximus&#39;.</strong></span> <span class='ocrx_word' id='word_1_339' title='bbox 1177 1680 1333 1707; x_wconf 88' lang='lat' dir='ltr'><strong>membrum</strong></span> <span class='ocrx_word' id='word_1_340' title='bbox 1355 1683 1449 1708; x_wconf 89' lang='lat' dir='ltr'><strong>autem</strong></span> <span class='ocrx_word' id='word_1_341' title='bbox 1471 1682 1514 1708; x_wconf 85' lang='lat' dir='ltr'><strong>est</strong></span> <span class='ocrx_word' id='word_1_342' title='bbox 1535 1689 1636 1708; x_wconf 84' lang='lat' dir='ltr'><strong>sensus</strong></span> <span class='ocrx_word' id='word_1_343' title='bbox 1656 1681 1783 1709; x_wconf 88' lang='lat' dir='ltr'><strong>numeris</strong></span> <span class='ocrx_word' id='word_1_344' title='bbox 1804 1682 1964 1719; x_wconf 84' lang='lat' dir='ltr'><strong>conclusus,</strong></span> 
     </span>
     <span class='ocr_line' id='line_1_30' title="bbox 236 1724 1963 1765; baseline 0.002 -9"><span class='ocrx_word' id='word_1_345' title='bbox 236 1730 286 1757; x_wconf 89' lang='lat' dir='ltr'><strong>sed</strong></span> <span class='ocrx_word' id='word_1_346' title='bbox 307 1738 323 1756; x_wconf 86' lang='lat' dir='ltr'><strong>a</strong></span> <span class='ocrx_word' id='word_1_347' title='bbox 344 1731 404 1757; x_wconf 88' lang='lat' dir='ltr'><strong>toto</strong></span> <span class='ocrx_word' id='word_1_348' title='bbox 426 1737 544 1765; x_wconf 87' lang='lat' dir='ltr'><strong>corpore</strong></span> <span class='ocrx_word' id='word_1_349' title='bbox 565 1728 704 1764; x_wconf 85' lang='lat' dir='ltr'><strong>abruptus</strong></span> <span class='ocrx_word' id='word_1_350' title='bbox 725 1731 755 1756; x_wconf 88' lang='lat' dir='ltr'><strong>et</strong></span> <span class='ocrx_word' id='word_1_351' title='bbox 775 1737 827 1765; x_wconf 89' lang='lat' dir='ltr'><strong>per</strong></span> <span class='ocrx_word' id='word_1_352' title='bbox 847 1737 877 1756; x_wconf 90' lang='lat' dir='ltr'><strong>se</strong></span> <span class='ocrx_word' id='word_1_353' title='bbox 898 1727 974 1756; x_wconf 88' lang='lat' dir='ltr'><strong>nihil</strong></span> <span class='ocrx_word' id='word_1_354' title='bbox 994 1728 1131 1756; x_wconf 83' lang='lat' dir='ltr'><strong>efficiens.</strong></span> <span class='ocrx_word' id='word_1_355' title='bbox 1173 1724 1198 1756; x_wconf 85' lang='lat' dir='ltr'><strong>‘o</strong></span> <span class='ocrx_word' id='word_1_356' title='bbox 1213 1729 1329 1757; x_wconf 82' lang='lat' dir='ltr'><strong>callidos</strong></span> <span class='ocrx_word' id='word_1_357' title='bbox 1351 1725 1486 1757; x_wconf 86' lang='lat' dir='ltr'><strong>homines’</strong></span> <span class='ocrx_word' id='word_1_358' title='bbox 1510 1729 1669 1765; x_wconf 85' lang='lat' dir='ltr'><strong>perfectum</strong></span> <span class='ocrx_word' id='word_1_359' title='bbox 1684 1733 1735 1764; x_wconf 86' lang='lat' dir='ltr'><strong>est,</strong></span> <span class='ocrx_word' id='word_1_360' title='bbox 1757 1732 1807 1758; x_wconf 90' lang='lat' dir='ltr'><strong>sed</strong></span> <span class='ocrx_word' id='word_1_361' title='bbox 1822 1735 1963 1761; x_wconf 84' lang='lat' dir='ltr'><strong>remotum</strong></span> 
     </span>
     <span class='ocr_line' id='line_1_31' title="bbox 238 1773 1966 1820; baseline 0.002 -13"><span class='ocrx_word' id='word_1_362' title='bbox 238 1788 255 1807; x_wconf 86' lang='lat' dir='ltr'><strong>a</strong></span> <span class='ocrx_word' id='word_1_363' title='bbox 274 1777 378 1806; x_wconf 72' lang='lat' dir='ltr'><strong>ceteris</strong></span> <span class='ocrx_word' id='word_1_364' title='bbox 398 1777 458 1804; x_wconf 81' lang='lat' dir='ltr'><strong>vim</strong></span> <span class='ocrx_word' id='word_1_365' title='bbox 479 1786 538 1805; x_wconf 89' lang='lat' dir='ltr'><strong>non</strong></span> <span class='ocrx_word' id='word_1_366' title='bbox 559 1777 662 1812; x_wconf 84' lang='lat' dir='ltr'><strong>habet,</strong></span> <span class='ocrx_word' id='word_1_367' title='bbox 683 1780 716 1805; x_wconf 87' lang='lat' dir='ltr'><strong>ut</strong></span> <span class='ocrx_word' id='word_1_368' title='bbox 736 1786 788 1815; x_wconf 87' lang='lat' dir='ltr'><strong>per</strong></span> <span class='ocrx_word' id='word_1_369' title='bbox 809 1786 840 1805; x_wconf 90' lang='lat' dir='ltr'><strong>se</strong></span> <span class='ocrx_word' id='word_1_370' title='bbox 860 1786 960 1805; x_wconf 82' lang='lat' dir='ltr'><strong>manus</strong></span> <span class='ocrx_word' id='word_1_371' title='bbox 982 1780 1012 1806; x_wconf 90' lang='lat' dir='ltr'><strong>et</strong></span> <span class='ocrx_word' id='word_1_372' title='bbox 1031 1786 1082 1814; x_wconf 88' lang='lat' dir='ltr'><strong>pes</strong></span> <span class='ocrx_word' id='word_1_373' title='bbox 1103 1781 1132 1806; x_wconf 88' lang='lat' dir='ltr'><strong>et</strong></span> <span class='ocrx_word' id='word_1_374' title='bbox 1153 1782 1251 1815; x_wconf 81' lang='lat' dir='ltr'><strong>caput:</strong></span> <span class='ocrx_word' id='word_1_375' title='bbox 1271 1774 1296 1807; x_wconf 89' lang='lat' dir='ltr'><strong>‘o</strong></span> <span class='ocrx_word' id='word_1_376' title='bbox 1318 1787 1378 1807; x_wconf 87' lang='lat' dir='ltr'><strong>rem</strong></span> <span class='ocrx_word' id='word_1_377' title='bbox 1399 1773 1605 1815; x_wconf 82' lang='lat' dir='ltr'><strong>excogitatam&#39;.</strong></span> <span class='ocrx_word' id='word_1_378' title='bbox 1648 1779 1763 1818; x_wconf 82' lang='lat' dir='ltr'><strong>quando</strong></span> <span class='ocrx_word' id='word_1_379' title='bbox 1777 1789 1845 1818; x_wconf 85' lang='lat' dir='ltr'><strong>ergo</strong></span> <span class='ocrx_word' id='word_1_380' title='bbox 1859 1781 1966 1820; x_wconf 85' lang='lat' dir='ltr'><strong>incipit</strong></span> 
     </span>
     <span class='ocr_line' id='line_1_32' title="bbox 239 1823 1965 1866; baseline 0.003 -9"><span class='ocrx_word' id='word_1_381' title='bbox 239 1837 342 1865; x_wconf 88' lang='lat' dir='ltr'><strong>corpus</strong></span> <span class='ocrx_word' id='word_1_382' title='bbox 362 1826 440 1855; x_wconf 85' lang='lat' dir='ltr'><strong>esse?</strong></span> <span class='ocrx_word' id='word_1_383' title='bbox 481 1836 545 1855; x_wconf 90' lang='lat' dir='ltr'><strong>cum</strong></span> <span class='ocrx_word' id='word_1_384' title='bbox 566 1827 648 1856; x_wconf 82' lang='lat' dir='ltr'><strong>venit</strong></span> <span class='ocrx_word' id='word_1_385' title='bbox 668 1831 797 1856; x_wconf 85' lang='lat' dir='ltr'><strong>extrema</strong></span> <span class='ocrx_word' id='word_1_386' title='bbox 818 1828 976 1856; x_wconf 89' lang='lat' dir='ltr'><strong>conclusio:</strong></span> <span class='ocrx_word' id='word_1_387' title='bbox 995 1823 1090 1866; x_wconf 79' lang='lat' dir='ltr'><strong>‘quem</strong></span> <span class='ocrx_word' id='word_1_388' title='bbox 1112 1837 1216 1866; x_wconf 89' lang='lat' dir='ltr'><strong>quaeso</strong></span> <span class='ocrx_word' id='word_1_389' title='bbox 1238 1831 1366 1858; x_wconf 88' lang='lat' dir='ltr'><strong>nostrum</strong></span> <span class='ocrx_word' id='word_1_390' title='bbox 1387 1828 1506 1863; x_wconf 79' lang='lat' dir='ltr'><strong>fefellit,</strong></span> <span class='ocrx_word' id='word_1_391' title='bbox 1534 1828 1566 1857; x_wconf 90' lang='lat' dir='ltr'><strong>id</strong></span> <span class='ocrx_word' id='word_1_392' title='bbox 1587 1839 1639 1858; x_wconf 83' lang='lat' dir='ltr'><strong>vos</strong></span> <span class='ocrx_word' id='word_1_393' title='bbox 1659 1829 1702 1859; x_wconf 82' lang='lat' dir='ltr'><strong>ita</strong></span> <span class='ocrx_word' id='word_1_394' title='bbox 1722 1839 1785 1859; x_wconf 83' lang='lat' dir='ltr'><strong>esse</strong></span> <span class='ocrx_word' id='word_1_395' title='bbox 1805 1829 1965 1862; x_wconf 59' lang='lat' dir='ltr'><strong>faemos?</strong></span> 
     </span>
     <span class='ocr_line' id='line_1_33' title="bbox 239 1876 1966 1920; baseline 0.003 -14"><span class='ocrx_word' id='word_1_396' title='bbox 239 1887 324 1916; x_wconf 83' lang='lat' dir='ltr'><strong>quam</strong></span> <span class='ocrx_word' id='word_1_397' title='bbox 345 1876 443 1905; x_wconf 79' lang='lat' dir='ltr'><strong>Cicero</strong></span> <span class='ocrx_word' id='word_1_398' title='bbox 463 1877 662 1905; x_wconf 86' lang='lat' dir='ltr'><strong>brevissimam</strong></span> <span class='ocrx_word' id='word_1_399' title='bbox 688 1880 778 1913; x_wconf 88' lang='lat' dir='ltr'><strong>putat.</strong></span> <span class='ocrx_word' id='word_1_400' title='bbox 820 1877 918 1915; x_wconf 85' lang='lat' dir='ltr'><strong>itaque</strong></span> <span class='ocrx_word' id='word_1_401' title='bbox 939 1878 999 1905; x_wconf 82' lang='lat' dir='ltr'><strong>fere</strong></span> <span class='ocrx_word' id='word_1_402' title='bbox 1024 1877 1115 1905; x_wconf 89' lang='lat' dir='ltr'><strong>incisa</strong></span> <span class='ocrx_word' id='word_1_403' title='bbox 1136 1881 1165 1906; x_wconf 86' lang='lat' dir='ltr'><strong>et</strong></span> <span class='ocrx_word' id='word_1_404' title='bbox 1192 1879 1317 1906; x_wconf 87' lang='lat' dir='ltr'><strong>membra</strong></span> <span class='ocrx_word' id='word_1_405' title='bbox 1345 1878 1441 1906; x_wconf 86' lang='lat' dir='ltr'><strong>mutila</strong></span> <span class='ocrx_word' id='word_1_406' title='bbox 1471 1882 1539 1906; x_wconf 89' lang='lat' dir='ltr'><strong>sunt</strong></span> <span class='ocrx_word' id='word_1_407' title='bbox 1567 1882 1596 1907; x_wconf 91' lang='lat' dir='ltr'><strong>et</strong></span> <span class='ocrx_word' id='word_1_408' title='bbox 1624 1879 1836 1909; x_wconf 87' lang='lat' dir='ltr'><strong>conclusionem</strong></span> <span class='ocrx_word' id='word_1_409' title='bbox 1863 1882 1966 1920; x_wconf 84' lang='lat' dir='ltr'><strong>utique</strong></span> 
     </span>
     <span class='ocr_line' id='line_1_34' title="bbox 240 1924 719 1964; baseline -0.004 -8"><span class='ocrx_word' id='word_1_410' title='bbox 240 1926 411 1956; x_wconf 68' lang='lat' dir='ltr'><strong>desiderant</strong></span> <span class='ocrx_word' id='word_1_411' title='bbox 455 1924 526 1963; x_wconf 84' lang='lat'><strong>(1.1.</strong></span> <span class='ocrx_word' id='word_1_412' title='bbox 550 1925 566 1963; x_wconf 67' lang='grc' dir='ltr'>ξ</span> <span class='ocrx_word' id='word_1_413' title='bbox 587 1928 644 1954; x_wconf 85' lang='grc'><strong>122</strong></span> <span class='ocrx_word' id='word_1_414' title='bbox 663 1926 719 1964; x_wconf 84' lang='lat' dir='ltr'><strong>sq.)</strong></span> 
     </span>
     <span class='ocr_line' id='line_1_35' title="bbox 242 1972 1967 2014; baseline 0.001 -9"><span class='ocrx_word' id='word_1_415' title='bbox 242 1975 324 2014; x_wconf 72' lang='lat' dir='ltr'><strong>(Isid.</strong></span> <span class='ocrx_word' id='word_1_416' title='bbox 341 1976 381 2010; x_wconf 88' lang='grc' dir='ltr'><strong>Π,</strong></span> <span class='ocrx_word' id='word_1_417' title='bbox 405 1977 451 2010; x_wconf 86' lang='grc'><strong>18,</strong></span> <span class='ocrx_word' id='word_1_418' title='bbox 474 1978 509 2004; x_wconf 84' lang='lat'><strong>2:</strong></span> <span class='ocrx_word' id='word_1_419' title='bbox 539 1984 643 2003; x_wconf 87' lang='lat' dir='ltr'><strong>comma</strong></span> <span class='ocrx_word' id='word_1_420' title='bbox 664 1980 706 2003; x_wconf 85' lang='lat' dir='ltr'><strong>est</strong></span> <span class='ocrx_word' id='word_1_421' title='bbox 726 1977 873 2004; x_wconf 81' lang='lat' dir='ltr'><strong>iuncturae</strong></span> <span class='ocrx_word' id='word_1_422' title='bbox 883 1975 1000 2012; x_wconf 79' lang='lat' dir='ltr'><strong>finitio,</strong></span> <span class='ocrx_word' id='word_1_423' title='bbox 1036 1981 1068 2003; x_wconf 85' lang='lat' dir='ltr'><strong>ut</strong></span> <span class='ocrx_word' id='word_1_424' title='bbox 1089 1981 1160 2013; x_wconf 79' lang='lat' dir='ltr'><strong>puta</strong></span> <span class='ocrx_word' id='word_1_425' title='bbox 1181 1972 1244 2003; x_wconf 84' lang='lat' dir='ltr'><strong>‘etsi</strong></span> <span class='ocrx_word' id='word_1_426' title='bbox 1272 1986 1383 2010; x_wconf 82' lang='lat' dir='ltr'><strong>vereor,</strong></span> <span class='ocrx_word' id='word_1_427' title='bbox 1416 1974 1540 2011; x_wconf 84' lang='lat' dir='ltr'><strong>iudices’,</strong></span> <span class='ocrx_word' id='word_1_428' title='bbox 1573 1987 1636 2005; x_wconf 83' lang='lat' dir='ltr'><strong>ecce</strong></span> <span class='ocrx_word' id='word_1_429' title='bbox 1665 1987 1748 2005; x_wconf 82' lang='lat' dir='ltr'><strong>unum</strong></span> <span class='ocrx_word' id='word_1_430' title='bbox 1770 1988 1893 2007; x_wconf 78' lang='lat' dir='ltr'><strong>comma.-</strong></span> <span class='ocrx_word' id='word_1_431' title='bbox 1924 1991 1967 2008; x_wconf 75' lang='lat' dir='ltr'><strong>se-</strong></span> 
     </span>
     <span class='ocr_line' id='line_1_36' title="bbox 240 2020 1968 2063; baseline 0.002 -10"><span class='ocrx_word' id='word_1_432' title='bbox 240 2026 336 2062; x_wconf 79' lang='lat' dir='ltr'><strong>quitur</strong></span> <span class='ocrx_word' id='word_1_433' title='bbox 363 2029 390 2052; x_wconf 85' lang='lat' dir='ltr'><strong>el</strong></span> <span class='ocrx_word' id='word_1_434' title='bbox 418 2024 499 2052; x_wconf 81' lang='lat' dir='ltr'><strong>aliud</strong></span> <span class='ocrx_word' id='word_1_435' title='bbox 516 2033 638 2058; x_wconf 85' lang='lat' dir='ltr'><strong>comma,</strong></span> <span class='ocrx_word' id='word_1_436' title='bbox 671 2020 713 2053; x_wconf 73' lang='lat' dir='ltr'><strong>‘ne</strong></span> <span class='ocrx_word' id='word_1_437' title='bbox 742 2029 823 2061; x_wconf 80' lang='lat' dir='ltr'><strong>turpe</strong></span> <span class='ocrx_word' id='word_1_438' title='bbox 842 2026 888 2052; x_wconf 83' lang='lat' dir='ltr'><strong>sit&#39;</strong></span> <span class='ocrx_word' id='word_1_439' title='bbox 906 2033 962 2060; x_wconf 86' lang='lat' dir='ltr'><strong>pro</strong></span> <span class='ocrx_word' id='word_1_440' title='bbox 980 2024 1141 2062; x_wconf 54' lang='lat' dir='ltr'><strong>fortissimo</strong></span> <span class='ocrx_word' id='word_1_441' title='bbox 1163 2027 1224 2052; x_wconf 78' lang='lat' dir='ltr'><strong>viro</strong></span> <span class='ocrx_word' id='word_1_442' title='bbox 1246 2026 1337 2052; x_wconf 78' lang='lat' dir='ltr'><strong>dicere</strong></span> <span class='ocrx_word' id='word_1_443' title='bbox 1365 2026 1560 2062; x_wconf 79' lang='lat' dir='ltr'><strong>incipientibus</strong></span> <span class='ocrx_word' id='word_1_444' title='bbox 1588 2023 1710 2054; x_wconf 77' lang='lat' dir='ltr'><strong>timerc’:</strong></span> <span class='ocrx_word' id='word_1_445' title='bbox 1743 2032 1772 2054; x_wconf 83' lang='lat' dir='ltr'><strong>et</strong></span> <span class='ocrx_word' id='word_1_446' title='bbox 1795 2028 1904 2063; x_wconf 66' lang='lat' dir='ltr'><strong>factum</strong></span> <span class='ocrx_word' id='word_1_447' title='bbox 1924 2034 1968 2057; x_wconf 77' lang='lat' dir='ltr'><strong>est</strong></span> 
     </span>
     <span class='ocr_line' id='line_1_37' title="bbox 240 2073 1967 2114; baseline 0.002 -12"><span class='ocrx_word' id='word_1_448' title='bbox 240 2074 337 2108; x_wconf 85' lang='lat' dir='ltr'><strong>colon,</strong></span> <span class='ocrx_word' id='word_1_449' title='bbox 372 2073 403 2101; x_wconf 87' lang='lat' dir='ltr'><strong>id</strong></span> <span class='ocrx_word' id='word_1_450' title='bbox 421 2077 464 2101; x_wconf 81' lang='lat' dir='ltr'><strong>est</strong></span> <span class='ocrx_word' id='word_1_451' title='bbox 484 2073 648 2107; x_wconf 87' lang='lat' dir='ltr'><strong>membrum,</strong></span> <span class='ocrx_word' id='word_1_452' title='bbox 675 2073 755 2111; x_wconf 66' lang='lat' dir='ltr'><strong>,quod</strong></span> <span class='ocrx_word' id='word_1_453' title='bbox 774 2073 941 2102; x_wconf 82' lang='lat' dir='ltr'><strong>intellectum</strong></span> <span class='ocrx_word' id='word_1_454' title='bbox 962 2075 1058 2102; x_wconf 86' lang='lat' dir='ltr'><strong>sensui</strong></span> <span class='ocrx_word' id='word_1_455' title='bbox 1080 2078 1223 2111; x_wconf 83' lang='lat' dir='ltr'><strong>praestat,·</strong></span> <span class='ocrx_word' id='word_1_456' title='bbox 1252 2074 1302 2102; x_wconf 78' lang='lat' dir='ltr'><strong>sed</strong></span> <span class='ocrx_word' id='word_1_457' title='bbox 1321 2075 1412 2103; x_wconf 78' lang='lat' dir='ltr'><strong>adbuc</strong></span> <span class='ocrx_word' id='word_1_458' title='bbox 1436 2075 1538 2112; x_wconf 80' lang='lat' dir='ltr'><strong>pendet</strong></span> <span class='ocrx_word' id='word_1_459' title='bbox 1558 2077 1667 2103; x_wconf 82' lang='lat' dir='ltr'><strong>oratio.-</strong></span> <span class='ocrx_word' id='word_1_460' title='bbox 1698 2078 1792 2114; x_wconf 86' lang='lat' dir='ltr'><strong>sicque</strong></span> <span class='ocrx_word' id='word_1_461' title='bbox 1815 2077 1910 2106; x_wconf 81' lang='lat' dir='ltr'><strong>deinde</strong></span> <span class='ocrx_word' id='word_1_462' title='bbox 1929 2088 1967 2107; x_wconf 64' lang='lat' dir='ltr'><strong>ez</strong></span> 
     </span>
     <span class='ocr_line' id='line_1_38' title="bbox 238 2120 1967 2165; baseline 0.003 -15"><span class='ocrx_word' id='word_1_463' title='bbox 238 2122 369 2161; x_wconf 79' lang='lat' dir='ltr'><strong>pluribus</strong></span> <span class='ocrx_word' id='word_1_464' title='bbox 390 2122 518 2161; x_wconf 81' lang='lat' dir='ltr'><strong>membris</strong></span> <span class='ocrx_word' id='word_1_465' title='bbox 529 2122 574 2159; x_wconf 77' lang='lat' dir='ltr'><strong>fit</strong></span> <span class='ocrx_word' id='word_1_466' title='bbox 588 2124 734 2160; x_wconf 76' lang='lat' dir='ltr'><strong>periodus,</strong></span> <span class='ocrx_word' id='word_1_467' title='bbox 757 2122 788 2151; x_wconf 85' lang='lat' dir='ltr'><strong>id</strong></span> <span class='ocrx_word' id='word_1_468' title='bbox 806 2127 849 2151; x_wconf 81' lang='lat' dir='ltr'><strong>est</strong></span> <span class='ocrx_word' id='word_1_469' title='bbox 867 2127 990 2151; x_wconf 74' lang='lat' dir='ltr'><strong>extrem</strong></span> <span class='ocrx_word' id='word_1_470' title='bbox 1011 2125 1162 2152; x_wconf 74' lang='lat' dir='ltr'><strong>sententiae</strong></span> <span class='ocrx_word' id='word_1_471' title='bbox 1182 2124 1327 2158; x_wconf 78' lang='lat' dir='ltr'><strong>clausula,</strong></span> <span class='ocrx_word' id='word_1_472' title='bbox 1359 2126 1401 2153; x_wconf 83' lang='lat' dir='ltr'><strong>ita</strong></span> <span class='ocrx_word' id='word_1_473' title='bbox 1419 2120 1544 2153; x_wconf 77' lang='lat' dir='ltr'><strong>‘veterem</strong></span> <span class='ocrx_word' id='word_1_474' title='bbox 1566 2126 1730 2154; x_wconf 61' lang='lat' dir='ltr'><strong>iudiciorum</strong></span> <span class='ocrx_word' id='word_1_475' title='bbox 1752 2135 1852 2154; x_wconf 75' lang='lat' dir='ltr'><strong>morem</strong></span> <span class='ocrx_word' id='word_1_476' title='bbox 1873 2130 1967 2165; x_wconf 71' lang='lat' dir='ltr'><strong>requi-</strong></span> 
     </span>
     <span class='ocr_line' id='line_1_39' title="bbox 239 2169 1967 2211; baseline 0.003 -10"><span class='ocrx_word' id='word_1_477' title='bbox 239 2169 328 2201; x_wconf 72' lang='lat' dir='ltr'><strong>runt.</strong></span> <span class='ocrx_word' id='word_1_478' title='bbox 368 2172 502 2209; x_wconf 79' lang='lat' dir='ltr'><strong>periodus</strong></span> <span class='ocrx_word' id='word_1_479' title='bbox 523 2176 612 2200; x_wconf 84' lang='lat' dir='ltr'><strong>autem</strong></span> <span class='ocrx_word' id='word_1_480' title='bbox 634 2172 748 2209; x_wconf 81' lang='lat' dir='ltr'><strong>longior</strong></span> <span class='ocrx_word' id='word_1_481' title='bbox 768 2181 827 2200; x_wconf 74' lang='lat' dir='ltr'><strong>esse</strong></span> <span class='ocrx_word' id='word_1_482' title='bbox 846 2181 901 2200; x_wconf 88' lang='lat' dir='ltr'><strong>non</strong></span> <span class='ocrx_word' id='word_1_483' title='bbox 923 2171 1016 2206; x_wconf 83' lang='lat' dir='ltr'><strong>debet,</strong></span> <span class='ocrx_word' id='word_1_484' title='bbox 1040 2182 1120 2209; x_wconf 85' lang='lat' dir='ltr'><strong>quam</strong></span> <span class='ocrx_word' id='word_1_485' title='bbox 1142 2178 1175 2200; x_wconf 83' lang='lat' dir='ltr'><strong>ut</strong></span> <span class='ocrx_word' id='word_1_486' title='bbox 1194 2182 1248 2201; x_wconf 87' lang='lat' dir='ltr'><strong>uno</strong></span> <span class='ocrx_word' id='word_1_487' title='bbox 1269 2175 1371 2210; x_wconf 64' lang='lat' dir='ltr'><strong>:pb-itu</strong></span> <span class='ocrx_word' id='word_1_488' title='bbox 1391 2173 1582 2211; x_wconf 71' lang='lat' dir='ltr'><strong>proseratur.)</strong></span> <span class='ocrx_word' id='word_1_489' title='bbox 1623 2175 1724 2203; x_wconf 83' lang='lat' dir='ltr'><strong>modus</strong></span> <span class='ocrx_word' id='word_1_490' title='bbox 1744 2175 1772 2203; x_wconf 87' lang='lat' dir='ltr'><strong>ei</strong></span> <span class='ocrx_word' id='word_1_491' title='bbox 1792 2185 1810 2204; x_wconf 75' lang='lat' dir='ltr'><strong>a</strong></span> <span class='ocrx_word' id='word_1_492' title='bbox 1828 2176 1967 2206; x_wconf 76' lang='lat' dir='ltr'><strong>Cicerone</strong></span> 
     </span>
     <span class='ocr_line' id='line_1_40' title="bbox 240 2220 1968 2261; baseline 0.003 -12"><span class='ocrx_word' id='word_1_493' title='bbox 240 2224 291 2250; x_wconf 72' lang='lat' dir='ltr'><strong>aut</strong></span> <span class='ocrx_word' id='word_1_494' title='bbox 311 2223 447 2259; x_wconf 75' lang='lat' dir='ltr'><strong>quattuor</strong></span> <span class='ocrx_word' id='word_1_495' title='bbox 466 2221 588 2250; x_wconf 81' lang='lat' dir='ltr'><strong>senariis</strong></span> <span class='ocrx_word' id='word_1_496' title='bbox 609 2220 740 2250; x_wconf 81' lang='lat' dir='ltr'><strong>versibus</strong></span> <span class='ocrx_word' id='word_1_497' title='bbox 760 2224 811 2250; x_wconf 74' lang='lat' dir='ltr'><strong>aut</strong></span> <span class='ocrx_word' id='word_1_498' title='bbox 830 2220 922 2258; x_wconf 82' lang='lat' dir='ltr'><strong>ipsius</strong></span> <span class='ocrx_word' id='word_1_499' title='bbox 943 2220 1063 2258; x_wconf 87' lang='lat' dir='ltr'><strong>spiritus</strong></span> <span class='ocrx_word' id='word_1_500' title='bbox 1084 2222 1167 2251; x_wconf 88' lang='lat' dir='ltr'><strong>modo</strong></span> <span class='ocrx_word' id='word_1_501' title='bbox 1189 2222 1366 2251; x_wconf 83' lang='lat' dir='ltr'><strong>terminatur.</strong></span> <span class='ocrx_word' id='word_1_502' title='bbox 1410 2225 1555 2261; x_wconf 78' lang='lat' dir='ltr'><strong>praestare</strong></span> <span class='ocrx_word' id='word_1_503' title='bbox 1575 2223 1675 2260; x_wconf 82' lang='lat' dir='ltr'><strong>debet,</strong></span> <span class='ocrx_word' id='word_1_504' title='bbox 1703 2227 1737 2253; x_wconf 87' lang='lat' dir='ltr'><strong>ut</strong></span> <span class='ocrx_word' id='word_1_505' title='bbox 1763 2233 1877 2253; x_wconf 76' lang='lat' dir='ltr'><strong>sensum</strong></span> <span class='ocrx_word' id='word_1_506' title='bbox 1898 2234 1968 2256; x_wconf 86' lang='lat' dir='ltr'><strong>oon-</strong></span> 
     </span>
     <span class='ocr_line' id='line_1_41' title="bbox 241 2268 1968 2312; baseline 0.003 -12"><span class='ocrx_word' id='word_1_507' title='bbox 241 2271 338 2301; x_wconf 82' lang='lat' dir='ltr'><strong>cludat</strong></span> <span class='ocrx_word' id='word_1_508' title='bbox 357 2280 383 2301; x_wconf 87' lang='lat' dir='ltr'><strong>e.</strong></span> <span class='ocrx_word' id='word_1_509' title='bbox 398 2280 427 2310; x_wconf 87' lang='lat' dir='ltr'><strong>q.</strong></span> <span class='ocrx_word' id='word_1_510' title='bbox 441 2280 463 2299; x_wconf 88' lang='lat' dir='ltr'><strong>s.</strong></span> <span class='ocrx_word' id='word_1_511' title='bbox 484 2270 550 2310; x_wconf 81' lang='grc'><strong>(1.1.</strong></span> <span class='ocrx_word' id='word_1_512' title='bbox 572 2270 589 2310; x_wconf 71' lang='grc'>5</span> <span class='ocrx_word' id='word_1_513' title='bbox 609 2270 688 2309; x_wconf 84' lang='lat'><strong>125).</strong></span> <span class='ocrx_word' id='word_1_514' title='bbox 731 2279 837 2308; x_wconf 77' lang='lat' dir='ltr'><strong>genera</strong></span> <span class='ocrx_word' id='word_1_515' title='bbox 857 2270 920 2301; x_wconf 89' lang='lat' dir='ltr'><strong>eius</strong></span> <span class='ocrx_word' id='word_1_516' title='bbox 939 2271 997 2300; x_wconf 85' lang='lat' dir='ltr'><strong>duo</strong></span> <span class='ocrx_word' id='word_1_517' title='bbox 1017 2273 1101 2301; x_wconf 73' lang='lat' dir='ltr'><strong>suntz</strong></span> <span class='ocrx_word' id='word_1_518' title='bbox 1122 2271 1243 2302; x_wconf 86' lang='lat' dir='ltr'><strong>alterum</strong></span> <span class='ocrx_word' id='word_1_519' title='bbox 1264 2272 1396 2310; x_wconf 89' lang='lat' dir='ltr'><strong>simplex,</strong></span> <span class='ocrx_word' id='word_1_520' title='bbox 1417 2283 1482 2308; x_wconf 76' lang='lat' dir='ltr'><strong>cum</strong></span> <span class='ocrx_word' id='word_1_521' title='bbox 1502 2282 1603 2302; x_wconf 79' lang='lat' dir='ltr'><strong>sensns</strong></span> <span class='ocrx_word' id='word_1_522' title='bbox 1623 2283 1698 2303; x_wconf 82' lang='lat' dir='ltr'><strong>unus</strong></span> <span class='ocrx_word' id='word_1_523' title='bbox 1711 2274 1842 2312; x_wconf 74' lang='lat' dir='ltr'><strong>longIone</strong></span> <span class='ocrx_word' id='word_1_524' title='bbox 1855 2268 1968 2306; x_wconf 75' lang='lat' dir='ltr'><strong>mbiiu</strong></span> 
     </span>
     <span class='ocr_line' id='line_1_42' title="bbox 240 2320 1969 2361; baseline 0.003 -11"><span class='ocrx_word' id='word_1_525' title='bbox 240 2320 477 2357; x_wconf 82' lang='lat' dir='ltr'><strong>circumducitur,</strong></span> <span class='ocrx_word' id='word_1_526' title='bbox 506 2321 642 2356; x_wconf 84' lang='lat' dir='ltr'><strong>alterum,</strong></span> <span class='ocrx_word' id='word_1_527' title='bbox 670 2321 747 2359; x_wconf 88' lang='lat' dir='ltr'><strong>quod</strong></span> <span class='ocrx_word' id='word_1_528' title='bbox 768 2323 880 2350; x_wconf 81' lang='lat' dir='ltr'><strong>constat</strong></span> <span class='ocrx_word' id='word_1_529' title='bbox 900 2320 1035 2350; x_wconf 87' lang='lat' dir='ltr'><strong>membris</strong></span> <span class='ocrx_word' id='word_1_530' title='bbox 1056 2323 1086 2351; x_wconf 86' lang='lat' dir='ltr'><strong>et</strong></span> <span class='ocrx_word' id='word_1_531' title='bbox 1105 2321 1222 2358; x_wconf 81' lang='lat' dir='ltr'><strong>incisis,</strong></span> <span class='ocrx_word' id='word_1_532' title='bbox 1251 2332 1324 2361; x_wconf 82' lang='lat' dir='ltr'><strong>quae</strong></span> <span class='ocrx_word' id='word_1_533' title='bbox 1344 2323 1443 2360; x_wconf 85' lang='lat' dir='ltr'><strong>plures</strong></span> <span class='ocrx_word' id='word_1_534' title='bbox 1464 2332 1564 2352; x_wconf 78' lang='lat' dir='ltr'><strong>sensus</strong></span> <span class='ocrx_word' id='word_1_535' title='bbox 1584 2323 1707 2354; x_wconf 81' lang='lat' dir='ltr'><strong>habent:</strong></span> <span class='ocrx_word' id='word_1_536' title='bbox 1731 2320 1840 2354; x_wconf 80' lang='lat' dir='ltr'><strong>‘aderat</strong></span> <span class='ocrx_word' id='word_1_537' title='bbox 1858 2324 1969 2355; x_wconf 73' lang='lat' dir='ltr'><strong>ianitor</strong></span> 
     </span>
    </p>
   </div>
   <div class='ocr_carea' id='block_1_8' title="bbox 1651 2377 1668 2403">
    <p class='ocr_par' dir='ltr' id='par_1_10' title="bbox 1651 2377 1668 2403">
     <span class='ocr_line' id='line_1_43' title="bbox 1651 2377 1668 2403; baseline 0 0"><span class='ocrx_word' id='word_1_538' title='bbox 1651 2377 1668 2403; x_wconf 88' lang='grc'><strong>5</strong></span> 
     </span>
    </p>
   </div>
   <div class='ocr_carea' id='block_1_9' title="bbox 0 1642 229 2514">
    <p class='ocr_par' dir='ltr' id='par_1_11' title="bbox 0 1642 229 2514">
     <span class='ocr_line' id='line_1_44' title="bbox 0 1642 229 2514; baseline 0 0"><span class='ocrx_word' id='word_1_539' title='bbox 0 1642 229 2514; x_wconf 95' lang='lat' dir='ltr'><strong> </strong></span> 
     </span>
    </p>
   </div>
  </div>
 </body>
</html>
