2183 2514
1023 748 1124 809 Gap.
1154 748 1186 794 1.

359 865 395 903 Q.
416 864 637 896 Terentium
658 864 837 896 Scaurum
846 866 891 905 ¹),
913 864 1065 896 Hadriani
1086 863 1277 904 temporibus
1298 863 1533 903 grammaticum
1555 863 1603 895 vel
1626 862 1850 895 nobilissimum
1872 863 1967 904 (Gell.

234 924 324 955 Noct.
344 925 402 955 att.-
422 922 483 963 XI,
506 923 560 961 15,
582 923 615 963 3)
625 922 656 963 1)
677 925 709 954 et
728 923 827 962 ipsius
848 922 1001 954 Hadriani
1022 922 1254 962 grammaticum
1277 922 1348 961 (Iul.
1370 921 1501 961 Capitol.
1522 921 1553 953 in
1575 922 1656 953 Vero
1677 922 1712 961 2,
1732 923 1782 961 5),
1811 922 1864 961 qui
1885 930 1967 953 com-

234 980 404 1013 mentarios
425 980 457 1012 in
478 980 622 1012 Plautum
643 979 694 1019 (cf.
715 980 876 1012 Ritschelii
898 980 1022 1020 Parerg.
1044 980 1106 1013 374
1120 981 1211 1019 sqq.),
1232 979 1263 1010 iu
1285 979 1455 1018 Vergilium
1477 978 1529 1019 (cf.
1549 978 1695 1010 Ribbeck.
1711 979 1801 1018 proll.
1823 979 1855 1010 in
1872 979 1967 1019 Verg.

234 1038 293 1070 171
309 1039 379 1078 sq.‚)
400 1037 432 1069 in
447 1027 569 1069 Horatii
589 1036 685 1069 libros
707 1037 812 1069 decem
822 1038 853 1078 ⁸)
875 1037 1049 1077 composuit
1070 1037 1255 1076 scripsitque
1277 1037 1315 1068 de
1330 1036 1473 1068 Caesellii
1495 1036 1661 1075 erroribus,
1682 1036 1722 1068 de
1743 1036 1967 1077 orthographia

173 1082 190 1102 '¹
209 1097 215 1126 ζ
235 1095 304 1136 (Gr.
323 1095 379 1143 lat.
400 1094 469 1135 VH,
489 1104 519 1133 p.
536 1095 572 1125 11
592 1094 689 1135 sqq.)‚
710 1094 750 1125 de
770 1094 884 1126 litteris
905 1095 994 1126 novis
1015 1095 1082 1134 (Gr.
1103 1094 1157 1125 lat.
1177 1095 1197 1125 1.
1212 1094 1309 1133 1.33‚
1332 1094 1402 1132 11),
1424 1094 1517 1125 etiam
1538 1096 1658 1125 artem
1678 1094 1965 1133 grammaticam

323 1439 325 1441 ¹
361 1407 403 1443 1)
411 1402 447 1434 de
466 1406 572 1434 Scauro
593 1414 686 1442 nuper
705 1405 834 1435 breviter
854 1406 1013 1442 disputavit
1032 1405 1100 1433 Keil
1121 1405 1169 1434 Gr.
1184 1382 1232 1434 lat.
1247 1405 1315 1439 VII,
1337 1415 1366 1441 p.
1384 1407 1400 1433 7
1416 1415 1459 1443 sq.

359 1454 389 1493 2)
410 1453 547 1484 Scaurum
567 1454 654 1489 etiam
675 1454 788 1484 saeculo
810 1457 912 1494 quarto
933 1455 1010 1485 inter
1030 1454 1191 1493 praeclaros
1212 1454 1413 1492 grammaticos
1441 1457 1621 1485 numeratum
1641 1464 1704 1485 esse
1726 1459 1849 1486 testatur
1869 1459 1964 1486 Auso-

233 1505 299 1535 nina
320 1505 404 1542 epist.
425 1504 472 1542 (ad
493 1504 628 1533 Ursulum
649 1505 808 1542 grammat.)
833 1507 878 1541 18,
895 1507 950 1534 25:

777 1554 880 1582 Ursule
901 1554 1011 1589 collega.
1030 1553 1136 1582 nobilis
1156 1554 1324 1588 Harmonio,

600 1602 767 1639 Harmonio,
790 1613 876 1643 quem
897 1603 1042 1639 Claranus,
1064 1612 1148 1642 quem
1170 1603 1325 1632 Scaurus
1346 1606 1376 1633 et
1398 1604 1498 1641 Asper,

601 1652 693 1682 Quem
715 1653 770 1681 sibi
792 1654 937 1682 conferret
957 1654 1047 1681 Varro
1069 1654 1204 1691 priorque
1226 1654 1332 1681 Grates.

234 1701 271 1729 cf.
292 1703 322 1729 et
343 1702 450 1729 Auson.
471 1700 561 1737 praef.
583 1701 619 1728 ad
640 1701 739 1738 Syagr.
761 1711 788 1730 v.
808 1704 859 1730 18:

777 1754 807 1781 et
827 1760 932 1781 nomen
953 1751 1129 1788 grammatici
1150 1751 1249 1787 merui,

600 1801 667 1828 Nou
687 1803 746 1829 tam
767 1802 874 1838 grande
895 1802 1020 1840 quidem,
1042 1810 1099 1839 quo
1120 1801 1212 1837 gloria
1231 1804 1330 1830 nostra
1350 1801 1461 1829 subiret

599 1849 753 1877 Aemilium
775 1849 825 1886 (sc.
847 1851 984 1887 Asprum)
1005 1853 1056 1879 aut
1075 1850 1211 1878 Scaurum
1231 1850 1437 1888 Berytiumque
1458 1849 1593 1877 Probum.

356 1897 387 1934 8)
409 1897 444 1927 of.
464 1897 677 1934 Zaugemeister
696 1894 750 1927 ‘De
768 1899 883 1928 Horatii
898 1899 1019 1929 vocibus
1037 1896 1116 1935 sing-¹
1139 1909 1167 1936 p.
1184 1901 1314 1935 40--42‚
1338 1899 1389 1938 qui
1409 1898 1603 1936 adstipulante
1617 1898 1708 1927 Bittio
1730 1894 1783 1927 ‘De
1797 1899 1961 1928 halieuticis

204 1962 208 1969 ι
234 1946 339 1982 Qvidio
359 1949 463 1983 poetae
482 1947 555 1975 falso
576 1944 736 1984 adsoripfis’
757 1949 797 1985 (p.
817 1951 873 1977 199
888 1949 944 1987 sq.)
966 1959 994 1986 p.
1010 1952 1048 1977 42
1070 1952 1148 1978 reete
1169 1949 1270 1978 statuit
1289 1949 1426 1978 Scaurum
1447 1958 1507 1977 nou
1527 1951 1618 1977 artem
1639 1948 1782 1985 poetieam
1803 1949 1960 1985 soripeieee,

231 1990 292 2024 ‘sed
311 1994 343 2024 in
363 1995 480 2025 Horatii
499 2000 632 2033 poemata
652 1997 749 2034 omnia
768 1998 811 2027 ita
831 2001 1053 2028 commentatum
1074 2007 1150 2033 esse,
1178 2000 1212 2027 ut
1233 1997 1354 2034 singulis
1374 1997 1490 2027 Horatii
1510 1996 1593 2026 libris
1614 1997 1743 2034 singulos
1764 1997 1961 2027 oommentarii

232 2044 323 2074 libros
342 2044 491 2075 tribueret.
533 2046 641 2075 etenim
661 2046 686 2075 si
708 2047 765 2076 duo
785 2057 950 2077 sermonum
970 2048 1067 2084 libros,
1089 2048 1264 2085 singularem
1286 2049 1407 2085 epodon,
1428 2050 1566 2086 quatuor
1587 2047 1753 2084 numinum,
1775 2048 1831 2077 duo
1852 2048 1960 2085 episim-

232 2094 326 2125 larum
345 2096 376 2124 et
394 2095 568 2131 singularem
589 2096 624 2125 de
644 2094 706 2126 arte
726 2097 841 2134 poetica
860 2098 1072 2135 conputaveris,
1094 2099 1192 2127 decem
1213 2098 1481 2127 oommentariorum
1501 2097 1534 2126 iu
1553 2097 1708 2126 Horatium
1728 2097 1818 2126 libros
1838 2097 1962 2132 officie„

231 2153 268 2174 ao
286 2140 409 2182 proinde
428 2144 564 2174 decimus
574 2144 650 2174 liber
670 2146 718 2174 ad
721 2147 814 2176 artem
833 2147 973 2185 poetieam
995 2147 1168 2185 pertinebat,
1190 2156 1277 2187 quam
1296 2147 1442 2185 prioribus
1462 2146 1600 2185 temporis
1619 2156 1688 2182 non,
1709 2149 1743 2176 ut
1755 2148 1864 2184 postea,
1884 2155 1962 2184 poue

194 2191 391 2227 numinum
408 2192 501 2224 libro·
519 2196 588 2224 ante
609 2195 717 2233 epodos
736 2198 787 2226 aut
806 2199 874 2234 post
892 2205 1009 2227 carmen
1028 2197 1173 2227 moulan
1199 2199 1266 2226 ante
1292 2205 1438 2226 sermones
1464 2201 1494 2226 et
1514 2196 1653 2234 epistulas
1678 2197 1718 2234 (v.
1733 2196 1845 2226 Bentl⁸
1869 2196 1962 2234 praef.

195 2227 411 2293 “vmaq.)
432 2242 599 2274 collocatam
618 2244 716 2281 fuine,
736 2246 788 2275 sed
808 2248 875 2284 poet
894 2246 1033 2285 epistulas
1053 2248 1277 2277 cousentaneum
1300 2242 1359 2276 eat-⁸
