2183 2514
1008 373 1109 435 Gap.
1143 373 1195 420 11.

301 502 304 505 ·
355 488 507 528 Quoniam
536 477 669 521 vidimus
695 487 804 522 Scauri
831 489 978 530 reliquias
1006 490 1091 522 haud
1119 489 1247 529 exiguas
1275 488 1425 529 imprimis
1453 488 1538 528 apud
1559 487 1738 519 Diomedem
1760 486 1964 528 Sergiumque

230 549 373 579 servatas
402 555 486 585 esse,
517 549 553 578 ut
581 547 703 580 duobus
730 548 779 580 his
806 548 995 588 artigraphis
1023 551 1121 580 artem
1149 548 1232 579 illius
1259 546 1492 586 grammaticam
1520 548 1647 585 praesto
1675 545 1774 577 fuisse
1800 545 1961 584 probabile

230 604 343 644 situ),
364 603 434 635 aliis
454 612 576 644 quoque
596 604 673 636 locis
694 604 734 636 ab
755 604 864 637 iisdem
884 605 1094 644 grammaticis
1113 604 1220 636 Scauri
1242 604 1422 641 doctrinam,
1443 603 1566 634 nominc
1581 602 1716 634 auctoris
1731 611 1793 633 non
1808 603 1963 642 apposito,

230 661 368 694 exhiberi
387 660 533 701 proclivis
554 665 604 693 est
624 661 770 702 suspicio.
811 671 903 702 quam
924 662 1132 702 suspicionem
1154 671 1216 693 non
1237 670 1349 692 vanam
1371 669 1442 692 esse
1463 660 1626 691 ostendam
1647 660 1814 691 tractanda
1835 669 1872 692 ea
1887 660 1960 692 Dio-

230 718 330 750 medis
352 718 455 758 operis
476 721 574 758 parte,
595 727 656 758 qua
677 719 716 751 de
736 719 1014 759 metaplasmis
1037 718 1391 757 schematibusque
1413 718 1517 757 agitur
1537 718 1580 756 (p.
1595 718 1666 755 440,
1680 717 1720 748 27
1736 718 1826 758 sqq).

354 775 416 808 Sed
436 775 616 816 priusquam
638 777 678 807 ad
699 776 892 816 propositum
913 780 1053 809 nostrum
1074 777 1269 814 accedamus,
1289 784 1350 806 non
1366 783 1629 815 supervacaneum
1644 776 1693 805 est
1706 774 1839 814 primum
1853 775 1962 814 paucis

231 833 401 873 explicare,
431 842 511 873 quae
537 833 616 865 ratio
644 834 816 865 intercedat
844 834 925 866 inter
946 834 1127 865 Diomedem
1155 836 1187 864 et
1208 833 1395 871 Chai-isium,
1424 832 1596 870 Donatum,
1625 831 1825 863 Sacerdotem
1847 850 1888 855 —
1909 834 1962 872 qui

231 891 422 930 grammatici
436 891 469 922 in
486 900 669 931 unaquaque
688 891 753 923 fere
774 894 864 931 parte
879 891 1162 931 disputatiunculae
1183 894 1309 922 nostrae
1325 889 1492 921 adhibendi
1509 891 1600 920 erunt
1620 907 1676 928 ——‚
1697 889 1812 921 deinde
1828 889 1964 922 breviter

231 956 395 987 exponere,
415 957 477 988 qua
497 949 619 980 ratione
639 949 671 980 in
692 949 779 980 libris
802 952 961 980 auctorum
984 958 1109 980 suorum
1131 948 1339 979 exscribendis
1362 956 1438 979 usus
1460 947 1503 978 sit
1523 947 1699 978 Diomedes.

355 1006 400 1037 Ac
419 1006 552 1045 primum
573 1006 697 1045 quidem
718 1015 919 1045 consensum,
949 1016 1039 1045 quem
1061 1006 1143 1037 inter
1164 1005 1387 1037 Charisium
1408 1008 1446 1036 et
1467 1004 1689 1036 Diomedem
1717 1013 1812 1044 saepe
1834 1006 1964 1037 inveniri

231 1065 368 1102 constat,
397 1072 459 1095 non
480 1063 553 1095 inde
574 1066 674 1095 ortum
697 1072 780 1100 esse,
803 1064 885 1104 quod
908 1063 988 1096 alter
1009 1063 1136 1095 alterius
1162 1060 1246 1095 ‘arte’
1274 1072 1348 1095 usus
1372 1063 1426 1101 sit,
1457 1062 1513 1094 sed
1535 1062 1617 1101 quod
1639 1066 1769 1102 uterque
1791 1072 1829 1095 ex
1850 1063 1962 1095 iisdem

230 1119 368 1152 fontibus
391 1121 562 1152 doctrinam
583 1130 670 1152 suam
693 1121 854 1159 derivavit,
875 1122 967 1153 docet
987 1122 1106 1153 Keilius
1129 1121 1181 1153 Gr.
1202 1121 1255 1152 lat.
1279 1121 1301 1159 I,
1323 1130 1353 1159 p.
1368 1120 1469 1151 XLIX
1484 1129 1564 1159 sqq.;
1587 1129 1687 1159 neque
1709 1121 1812 1152 minus
1834 1124 1963 1161 certum,

232 1177 318 1218 quod
336 1177 419 1209 idem
439 1177 478 1209 K.
499 1178 519 1209 1.
534 1178 553 1210 l.
575 1178 803 1218 grammaticos,
824 1187 902 1218 quos
916 1182 1047 1219 uterque
1062 1182 1189 1210 secutus
1204 1181 1261 1216 est,
1281 1177 1452 1209 Remmium
1466 1177 1685 1208 Palaemonem
1700 1181 1733 1209 et
1746 1177 1963 1210 Cominianum

76 1215 113 1237 fs*
137 1247 142 1251 Α
169 1269 171 1272 ἱ
231 1233 331 1279 fuisse
351 1234 540 1276 suffitu),
561 1235 684 1268 etiamsi
704 1244 766 1268 non
788 1236 906 1275 omnia,
927 1244 1007 1275 quae
1027 1235 1171 1267 Diomedi
1191 1244 1259 1267 cum
1281 1235 1423 1267 charisio
1444 1234 1619 1266 communia
1639 1238 1727 1274 sunt,
1747 1235 1819 1267 5⁶0⁰
1840 1236 1964 1268 du⁰b¹¹⁸

220 1286 309 1325 vaulis
328 1290 391 1325 illis
412 1292 620 1332 grammaticis
640 1292 828 1324 vindicanda
849 1301 920 1325 esse
941 1293 1128 1325 credendum
1150 1295 1207 1324 est.
1250 1293 1306 1324 sed
1328 1301 1368 1324 ne
1389 1293 1420 1324 in
1442 1292 1522 1323 hanc
1542 1300 1607 1323 rem
1628 1292 1804 1324 accuratius
1824 1293 1963 1333 imuira·

231 1357 317 1387 mus,
345 1358 469 1381 monere
489 1349 582 1381 liceat
603 1350 687 1389 apud
707 1349 880 1382 charisium
902 1350 1072 1389 compluria
1092 1353 1230 1389 exstare,
1258 1359 1338 1389 quae
1359 1358 1545 1389 quamquam
1573 1349 1642 1388 pari
1668 1350 1761 1381 modo
1788 1350 1962 1390 iisdemque

231 1405 351 1445 verbis,
363 1398 525 1437 'interdum
547 1405 616 1437 aliis
637 1406 846 1446 interpositis,
868 1407 952 1446 apud
973 1406 1151 1438 Diomedem
1173 1406 1404 1448 iterantur¹⁵)‚
1424 1409 1529 1438 tamen
1551 1414 1571 1437 a
1591 1406 1676 1437 nullo
1697 1406 1832 1438 virorum
1853 1408 1962 1438 docto-

231 1472 314 1503 rum,
342 1464 395 1504 qui
416 1462 548 1495 Charisii
575 1463 712 1496 fontibus
742 1464 888 1496 eruendis
915 1474 1040 1504 operam
1068 1465 1298 1505 dederuntw),
1330 1464 1511 1496 Palaemoni
1531 1465 1580 1496 vel
1602 1464 1782 1496 cominiano
1803 1466 1963 1505 adscripta

232 1523 314 1553 sunt.
356 1529 393 1552 ac
414 1530 454 1552 ne
475 1529 533 1561 ego
555 1522 694 1561 quidem,
724 1531 908 1562 quamquam
931 1522 1109 1554 Cominiano
1138 1522 1231 1562 paulo
1260 1523 1351 1561 plura
1379 1531 1471 1561 quam
1493 1522 1769 1553 Schottmuellerus
1798 1522 1827 1553 ei
1853 1523 1964 1554 tribuit

231 1578 441 1611 adiudicanda
470 1586 541 1610 esse
568 1579 644 1610 mihi
670 1588 854 1619 persuasum
883 1582 944 1619 est,
972 1579 1139 1620 perspicio,
1167 1589 1227 1619 quo
1249 1580 1316 1611 iure
1337 1588 1375 1611 ea
1396 1580 1499 1611 omnia
1519 1579 1641 1611 duobus
1668 1579 1730 1611 illis
1752 1581 1963 1620 grammaticis

230 1636 381 1669 vindicari
400 1636 531 1676 possint.

361 1737 409 1774 13)
431 1737 591 1766 charisium
612 1738 711 1766 Scauri
732 1738 821 1767 libros
841 1738 1002 1775 inspexisse
1024 1740 1053 1766 et
1073 1738 1258 1775 exscripsisse
1280 1737 1421 1766 Christius
1442 1737 1598 1775 (Philolog.
1620 1737 1734 1773 XVIII,
1756 1747 1784 1774 p.
1804 1738 1875 1776 127)
1897 1749 1964 1776 pro-

231 1789 332 1824 pterea
352 1786 423 1814 mihi
444 1796 503 1814 non
524 1788 680 1824 persuasit,
704 1788 781 1825 quod
802 1788 947 1815 Charisius
968 1787 1132 1825 ubicunque
1153 1787 1290 1815 Scaurum
1311 1787 1442 1815 nominat
1462 1789 1622 1821 auctorem,
1652 1792 1768 1816 secutus
1788 1791 1833 1816 est
1853 1788 1962 1816 Iulium

206 1857 208 1859 -
232 1835 402 1864 Romanum.

362 1882 410 1920 14)
432 1883 467 1911 of.
489 1883 598 1912 Charis.
615 1886 684 1919 225,
702 1886 718 1912 5
734 1894 797 1923 sqq.
820 1888 850 1913 et
870 1885 1000 1913 Diomed.
1016 1887 1085 1919 415,
1105 1887 1139 1912 16
1155 1894 1218 1922 sqq.

613 1933 787 1971 175‚2ssq.;
807 1934 1033 1969 176,7-—177,8
1056 1937 1086 1963 et
1106 1934 1152 1962 Di.
1166 1934 1234 1968 347,
1251 1934 1401 1968 37-348,
1418 1936 1466 1961 30.

613 1982 680 2018 177,
695 1983 826 2018 9-178,
842 1986 860 2011 4
1062 2006 1077 2019 ,,
1120 2006 1137 2019 ,,
1166 1986 1235 2018 348,
1251 1986 1402 2018 36-349,
1419 1985 1467 2011 23.

530 2052 547 2065 ,‚
614 2031 680 2067 178,
697 2033 796 2060 5-33
1061 2054 1078 2068 ,,
1120 2055 1137 2068 ,,
1167 2035 1235 2068 350,
1256 2035 1403 2068 14-351,
1419 2035 1447 2061 3.

361 2080 411 2117 15)
432 2082 465 2108 ut
485 2079 593 2109 Charis.
614 2083 848 2118 148,15-150,
864 2085 903 2111 20
925 2082 961 2111 cf.
983 2082 1114 2111 Diomed.
1130 2084 1199 2118 303,
1215 2085 1367 2119 31—308,
1387 2085 1410 2111 1.

611 2132 735 2165 292,16
750 2140 815 2170 sqq.
932 2153 949 2167 „
1032 2153 1049 2166 „
1127 2133 1196 2167 811,
1212 2134 1229 2159 3
1245 2141 1309 2170 sqq.

530 2200 547 2214 „
614 2181 660 2215 11,
675 2181 693 2207 9
709 2189 772 2219 sqq.
935 2203 953 2217 ‚,
1035 2204 1052 2217 „
1130 2182 1199 2217 427,
1215 2184 1312 2221 4sqq.
1334 2184 1402 2217 48⁵,
1419 2183 1458 2210 22
1472 2190 1537 2220 sqq.

362 2228 411 2264 16)
431 2231 465 2257 ut
484 2228 741 2259 Schottmuellerus
767 2225 812 2259 ‘do
834 2231 865 2259 G.
885 2230 975 2259 Plinii
995 2231 1119 2259 Secundi
1140 2231 1222 2259 libris
1243 2227 1339 2267 gram.¹
1361 2231 1445 2259 Bonn
1467 2232 1553 2258 18⁵8.
1595 2230 1737 2258 christina
1764 2229 1796 2257 in
1818 2229 1965 2265 Philolog.

186 2317 188 2319 ‚
233 2275 341 2307 xvm
360 2286 390 2316 p.
408 2278 464 2306 11⁹
479 2287 543 2317 sqq.
585 2277 777 2309 Morawskius
796 2273 1014 2310 ‘Quaestionum
1034 2279 1143 2309 charis.
1164 2274 1318 2318 specimen'
1339 2279 1451 2317 (Herm.
1472 2278 1519 2308 XI
1539 2288 1569 2317 p.
1585 2280 1643 2307 889
1659 2277 1745 2318 sqq).

864 2349 867 2352 .
1647 2330 1664 2356 2
