2183 2514
970 157 1218 214 —38ss—

224 283 348 316 quoque
367 273 447 306 loeis
466 272 656 306 Scaurianae
676 273 837 306 doctrinae
858 273 993 313 vestigia
1013 273 1045 305 in
1066 250 1182 306 Donati
1201 271 1287 306 ‘’arte
1308 275 1475 315 apparent,
1502 273 1592 310 velut
1614 274 1659 306 in
1674 273 1735 307 iis
1743 264 1896 328 4111,όᾴοὲ

223 326 338 364 vei-biis
353 331 445 363 docet
465 330 586 371 p.385‚
608 330 662 363 12:
681 328 876 371 ‘adverbia.
906 330 975 362 .ab
997 330 1068 362 aliis
1089 330 1233 370 partibus
1255 330 1406 362 orationis
1426 330 1563 370 veniunt,
1584 338 1605 362 a
1623 324 1748 373 nomine
1780 368 1786 374 Α
1832 337 1833 340 ’
1892 373 1894 375 ‚

284 397 335 420 .a
355 387 510 428 proprio.
532 396 583 419 .a
602 386 760 420 vocabulo’
784 397 809 419 e.
831 396 860 427 q.
882 397 921 426 s.;
942 388 1163 419 discernuntur
1183 387 1279 428 igitur
1298 387 1350 419 hic
1370 396 1482 419 nomen
1503 387 1679 428 proprium,
1699 371 1889 429 appellatio.
1905 373 1964 421 vd·-r

225 446 378 478 cabulum.
411 454 505 484 quam
519 445 692 476 doctrinam
706 445 906 476 Scaurianam
923 453 994 476 esse
1009 445 1101 476 docet
1114 445 1172 484 frg.
1191 446 1231 477 16
1251 445 1290 476 cf.
1305 453 1402 484 supra
1415 454 1445 484 p.
1453 444 1483 476 5.
1512 444 1638 477 etiamsi
1649 445 1733 477 enim
1746 444 1886 492 &surus
1897 453 1962 478 ιιοιι
1997 465 1999 468 -

224 503 312 535 solus
333 501 412 534 talia
431 502 591 541 praecepit
610 501 662 541 (cf.
684 500 812 539 Quintil.
831 502 858 539 1,
879 502 909 541 4,
931 501 1002 541 20),
1023 510 1086 532 non
1107 504 1213 533 tamen
1229 502 1455 542 neglegendum
1477 504 1539 541 est,
1560 501 1643 541 quod
1660 501 1828 534 Diomedes
1847 511 1878 542 p.
1887 489 1960 540 403,
1984 497 2001 536 J

224 562 267 593 24
283 569 350 601 sqq.
374 560 429 601 (=
448 558 506 599 frg.
523 559 578 598 21)
600 559 709 590 eadem
731 567 812 599 quae
826 559 968 591 Donatus
990 559 1009 590 l.
1024 559 1044 590 l.
1067 559 1192 591 exhibet
1214 562 1308 599 atque
1328 559 1421 599 paulo
1443 561 1515 591 ante
1530 558 1680 593 Scaurum
1694 558 1834 592 nominat
1854 562 1961 592 aucto—
1980 565 1998 581 ’-

222 620 362 658 remu)

349 675 464 708 Verum
479 677 588 707 contra
601 674 682 706 hanc
695 683 796 707 meam
821 674 1018 713 sententiam,
1039 674 1195 707 Donatum
1211 674 1317 707 Scauri
1332 677 1399 707 arte
1414 653 1616 715 grammatica
1629 682 1719 706 usum
1734 682 1815 713 esse,
1829 677 1959 715 pugnat,

225 735 309 776 quod
323 733 513 766 Wentzelius
535 731 651 772 (Symb.
673 732 739 764 crit.
760 732 888 764 Vratisl.
912 732 1007 773 1858)
1028 742 1058 772 p.
1075 732 1116 764 25
1133 741 1198 772 sqq.
1220 732 1388 764 contendit
1401 732 1565 764 maximam
1585 732 1701 764 Donati
1720 728 1815 764 ‘artis'
1838 735 1961 772 partem

226 793 328 825 redire
350 792 391 823 ad
412 791 454 822 Μ.
475 790 648 821 Plotium
670 790 937 822 Sacerdotem.
960 790 1066 829 itaque
1087 799 1165 829 opus
1188 793 1251 829 est,
1272 793 1309 821 ut
1331 790 1370 821 de
1390 791 1450 822 hac
1469 799 1505 822 re
1525 798 1625 830 pauca
1646 789 1808 822 addamus.
2073 831 2075 833 q

350 847 543 879 Wentzelius
572 847 686 878 Donati
715 847 888 878 doctrinam
918 847 958 878 ad
981 847 1180 878 Sacerdotem
1198 847 1403 879 ¹referendam
1437 856 1509 879 esse
1536 847 1687 886 imprimis
1708 856 1746 878 ex
1766 847 1806 878 iis
1834 846 1960 886 colligit,
1998 854 2001 855 ’
2038 861 2039 864 ¹

227 916 308 948 quae
328 909 459 945 uterque
481 904 521 936 de
542 904 643 936 modis
665 904 751 936 verbi
766 903 969 944 explicat⁶⁰).
1012 904 1068 936 sed
1090 904 1174 944 apud
1190 904 1390 936 Sacerdotem
1411 914 1440 944 p.
1457 904 1528 943 432,
1544 904 1583 936 18
1596 901 1689 948 ‘modj
1702 903 1866 936 verborum
1887 906 1961 936 sunt
2004 945 2008 948 Δ

225 957 388 1006 quinq'ue':
405 962 666 1003 pronuntiativus
680 961 881 1001 imperativus
897 962 1054 1001 optativus
1069 962 1279 993 subiunctivus
1294 961 1448 1000 infinitus;
1470 965 1502 993 et
1523 961 1649 993 additur
1670 962 1821 1001 quosdam
1836 964 1960 1001 tempus

227 1022 364 1054 futurum
376 1020 501 1051 modum
517 1019 676 1059 appellare
687 1018 914 1059 promissivum,
929 1020 986 1050 sed
996 1019 1066 1050 illos
1082 1027 1195 1058 errare,
1209 1019 1292 1058 quod
1305 1021 1428 1058 tempus
1443 1019 1580 1050 futurum
1594 1018 1637 1050 sit
1650 1019 1754 1059 specie
1767 1018 1961 1058 promissiva.

225 1079 397 1111 secundum
408 1077 566 1108 Donatum
575 1085 648 1107 vero
659 1085 689 1115 p.
702 1076 772 1114 381,
787 1073 929 1108 l'l'modi
942 1078 1023 1113 sunt,
1044 1078 1079 1107 ut
1091 1076 1180 1107 multi
1192 1076 1379 1114 existimant,
1395 1073 1532 1115 septem’:
1553 1075 1745 1107 &ndicativus
1754 1075 1960 1114 imperativus

225 1136 432 1177 promissivus
454 1134 614 1173 optativus
637 1133 848 1165 coniunctivae
869 1132 1008 1164 infinitus
1029 1133 1259 1172 impersonalis;
1288 1133 1399 1164 modus
1420 1136 1524 1164 autem
1545 1132 1749 1173 promissivus
1769 1132 1872 1164 verbis
1893 1129 1959 1164 ‘sed

225 1195 308 1226 hunc
334 1201 392 1225 nos
418 1191 545 1223 modum
573 1200 635 1222 non
664 1188 840 1230 accipimus’
868 1190 1073 1230 improbatur,
1103 1193 1135 1221 et
1162 1190 1202 1222 de
1233 1190 1324 1222 modo
1352 1189 1551 1229 impersonali
1572 1186 1662 1221 ‘hunc
1681 1189 1807 1229 >quidem
1828 1186 1961 1221 modum’

225 1251 327 1290 inquit
346 1247 412 1288 ‘pro
435 1257 549 1288 genere
570 1250 625 1278 aut
646 1247 870 1286 significatione
892 1247 977 1278 verbi
998 1245 1169 1286 accipiunt’.
1212 1250 1342 1286 uterque
1362 1248 1458 1286 igitur
1478 1246 1697 1286 promissivum
1718 1247 1842 1277 modum
1863 1246 1960 1285 reicit,

225 1307 373 1341 differunt
393 1306 475 1338 inter
496 1314 532 1337 se
553 1305 592 1337 de
614 1305 706 1336 modo
736 1305 945 1345 impersonali.
987 1304 1019 1336 id
1048 1313 1121 1336 vero
1151 1304 1241 1336 nobis
1271 1306 1437 1344 propterea
1465 1303 1627 1336 offensioni
1656 1312 1718 1335 non
1747 1312 1818 1336 esse
1846 1303 1960 1336 debere

226 1368 319 1406 putat
340 1365 388 1395 W.
409 1373 440 1403 p.
454 1364 510 1401 46,
536 1363 619 1401 quod
641 1362 783 1393 Donatus
805 1362 886 1393 hunc
906 1362 1030 1392 modum
1053 1371 1114 1392 non
1136 1361 1176 1392 ab
1198 1361 1340 1392 omnibus
1369 1361 1578 1400 grammaticis
1607 1361 1689 1398 inter
1717 1361 1826 1392 modos
1852 1360 1961 1393 referri

224 1423 424 1464 profiteatur,
453 1420 510 1452 sed
532 1430 551 1452 a
573 1419 757 1459 quibusdam
779 1419 810 1451 in
833 1419 999 1459 generibus
1026 1419 1112 1450 verbi
1133 1419 1306 1457 numerari;
1334 1418 1440 1458 itaque
1466 1426 1534 1450 cum
1563 1417 1657 1450 etiam
1678 1418 1764 1458 apud
1785 1417 1816 1450 S.
1837 1417 1959 1457 species

223 1478 442 1520 impersonalis
463 1477 605 1509 ultimum
626 1479 734 1508 teneat
754 1476 855 1507 locum
880 1485 1042 1516 generum,
1071 1476 1174 1507 omnia
1201 1475 1279 1507 bene
1301 1485 1335 1507 se
1362 1475 1485 1507 habere.
1536 1476 1592 1506 sed
1621 1484 1676 1507 cur
1696 1474 1839 1506 Donatus
1869 1474 1960 1507 initio

226 1538 337 1569 modos
360 1537 522 1567 enumerat
544 1537 680 1573 septem,
702 1543 772 1565 cum
794 1543 849 1565 sex
869 1536 991 1565 tantum
1012 1534 1145 1572 probet?
1187 1533 1254 1564 sine
1283 1533 1377 1564 dubio
1406 1533 1493 1564 nulla
1514 1533 1554 1563 de
1575 1532 1638 1564 alia
1664 1541 1760 1564 causa
1787 1532 1848 1564 nisi
1876 1533 1960 1571 quod

224 1595 311 1636 apud
339 1596 498 1625 auctorem
534 1593 655 1630 septem
684 1590 730 1621 illi
775 1590 858 1622 modi
886 1590 1181 1631 exhibebantur⁶1).
1240 1592 1273 1621 at
1304 1589 1457 1621 Sacerdos
1484 1589 1615 1629 praebet
1644 1589 1788 1629 quinque.
1819 1607 1858 1611 —-—
1897 1588 1961 1621 Sed

224 1652 349 1685 etiamsi
368 1650 438 1682 fieri
458 1650 615 1689 potuisse,
645 1651 680 1680 ut
701 1649 844 1680 Donatus
866 1657 903 1679 ex
926 1648 1102 1679 Sacerdotis
1124 1647 1202 1679 libro
1230 1647 1380 1679 nonnulla
1408 1647 1592 1687 empserit,
1621 1656 1682 1678 non
1708 1656 1837 1687 prorsus
1866 1655 1959 1687 nega-

223 1710 338 1748 verim,
366 1710 504 1740 attamen
528 1709 779 1746 exspectaremus
800 1705 924 1736 Donato
947 1705 986 1736 de
1007 1705 1119 1736 ceteris
1141 1713 1277 1744 quoque,
1300 1713 1379 1744 quae
1400 1704 1494 1736 verbo
1515 1704 1673 1743 accidunt,
1701 1704 1728 1735 si
1749 1713 1810 1735 non
1832 1704 1872 1735 de
1892 1713 1959 1735 om-

223 1768 333 1807 nibus,
363 1766 395 1798 in
417 1765 593 1797 universum
623 1767 728 1795 tamen
750 1772 820 1795 cum
842 1766 970 1794 auctore
995 1762 1166 1794 convenire.
1210 1772 1228 1794 e
1250 1762 1404 1794 contrario
1427 1765 1531 1794 autem
1549 1771 1610 1793 non
1640 1761 1740 1793 solum
1764 1761 1826 1793 alio
1853 1762 1962 1794 ordine

224 1824 398 1859 accidentia
418 1825 633 1862 recensentur,
655 1822 711 1853 sed
732 1821 952 1853 desiderantur
973 1820 1066 1852 etiam
1086 1817 1200 1852 'forma'
1225 1824 1257 1852 et
1276 1817 1416 1852 'modus'.
1457 1829 1549 1860 porro
1571 1820 1740 1852 secundum
1762 1820 1962 1852 Sacerdotem

223 1893 255 1924 p.
271 1883 344 1921 429,
365 1882 406 1914 25
425 1878 571 1921 ‘qualitas
592 1879 624 1910 in
654 1879 757 1910 verbis
784 1881 840 1910 aut
860 1878 949 1909 finita
970 1880 1033 1917 est,
1063 1880 1097 1908 ut
1119 1886 1203 1916 amo,
1232 1880 1288 1909 aut
1317 1877 1441 1909 infinita
1462 1879 1497 1908 ut
1518 1875 1646 1916 amare’3
1672 1877 1796 1909 Donato
1816 1875 1961 1917 ‘qualitas

223 1941 392 1976 verborum
412 1939 444 1971 in
466 1937 567 1970 modis
589 1939 638 1970 est
658 1939 690 1970 et
710 1936 742 1969 in
763 1934 889 1969 formis’.
931 1935 1044 1968 deinde
1064 1935 1182 1968 formae
1202 1935 1365 1968 verborum
1387 1937 1461 1967 sunt
1482 1935 1566 1976 apud
1587 1935 1624 1968 D.
1645 1937 1795 1976 quatuor,
1821 1934 1961 1976 perfecta

350 2039 403 2077 59)
424 2038 502 2077 quod
522 2039 618 2066 autem
633 2036 733 2065 Scauri
755 2035 898 2074 expositio
913 2034 1105 2063 introducitur
1119 2034 1217 2063 verbis
1230 2030 1361 2064 'Scaurus
1381 2033 1424 2063 ita
1444 2035 1509 2064 def
1513 2031 1607 2071 init',
1627 2034 1701 2064 illud
1713 2030 1833 2064 ‘definit’
1854 2043 1961 2073 nequa-

224 2101 311 2130 quam
331 2090 369 2119 ad
389 2088 588 2119 definitionem
609 2089 722 2117 tantum
743 2086 888 2123 pertineat
907 2094 1023 2114 necesse
1043 2087 1103 2120 est,
1124 2085 1175 2114 sed
1195 2084 1367 2123 plerumque
1386 2084 1463 2114 idem
1491 2084 1636 2122 significat
1657 2085 1734 2123 quod
1754 2085 1875 2114 verbum
1894 2080 1962 2114 ‘dis-

223 2138 348 2170 serendi'
376 2138 496 2176 (charin.
518 2147 547 2174 p.
566 2139 634 2171 160,
652 2139 677 2164 1.
712 2138 778 2170 168,
796 2138 823 2164 6.
859 2134 925 2169 175,
943 2136 991 2162 80.
1026 2136 1092 2168 186,
1110 2133 1161 2170 30)
1189 2135 1266 2170 apud
1294 2134 1461 2163 Diomedem
1492 2143 1550 2162 non
1578 2133 1674 2163 minus
1702 2134 1750 2171 (of.
1772 2136 1886 2171 p.415,
1909 2134 1961 2170 16)

224 2198 313 2228 quam.
332 2188 410 2226 apud
431 2186 541 2216 Charis.
563 2196 592 2224 p.
611 2188 658 2221 12,
674 2188 701 2214 4.
727 2187 772 2220 14,
794 2187 841 2214 10.
867 2185 933 2219 168,
953 2185 997 2211 19.
1020 2184 1090 2218 225,
1109 2185 1135 2211 5.
1158 2185 1228 2218 281,
1248 2185 1274 2212 1.
1296 2184 1366 2217 265,
1383 2184 1431 2211 28.
1455 2183 1524 2218 267,
1542 2185 1591 2212 28.

317 2238 334 2250 ⁹
350 2238 402 2277 60)
424 2238 461 2267 da
481 2234 639 2266 Wentzelii
659 2244 756 2265 errore
776 2233 959 2264 inventorem
978 2227 1104 2270 ‘septimi
1124 2227 1214 2262 casus’
1233 2231 1323 2262 fuisse
1344 2229 1526 2263 Sacerdotem
1545 2232 1581 2262 cf.
1602 2241 1690 2271 supra
1702 2229 1806 2263 adnot.
1830 2232 1877 2262 17.

349 2288 403 2325 61)
424 2287 500 2316 sicut
513 2286 590 2324 apud
604 2284 713 2314 charin.
734 2294 763 2322 p.
784 2286 852 2319 168,
870 2285 889 2312 2
911 2283 1047 2321 (auctore,
1068 2282 1101 2311 ni
1114 2282 1208 2318 fallor,
1229 2282 1409 2321 Cominiano)
1424 2285 1455 2312 et
1467 2284 1611 2320 Anonym.
1652 2281 1701 2312 Gr.
1714 2282 1764 2312 lat.
1778 2282 1803 2321 Ι,
1825 2283 1896 2316 682,
1910 2283 1988 2322 ²²·1'-
