2183 2514
5 2403 29 2423 S».

987 194 1236 229 -10-

368 289 470 320 Etiam
487 289 535 320 >de
557 274 719 327 consensu,
749 289 802 328 qui
824 289 906 320 inter
926 281 1147 320 Diomede'm
1170 291 1208 319 et
1229 288 1415 319 Donatum
1438 287 1605 327 reperitur,
1635 287 1753 319 Keilius
1775 287 1829 319 Gr.
1849 287 1902 319 lat.
1923 287 1977 336 ly,

238 356 272 386 p.
287 347 343 378 XL
359 356 413 385 sq.‚
435 346 488 377 ubi
509 347 642 377 correxit
662 346 774 378 falsam
797 355 889 385 quam
910 346 930 377 l.
945 346 964 377 1.
986 347 1010 385 Ι,
1031 355 1060 385 p.
1076 346 1145 377 LVI
1166 345 1339 385 protulerat
1360 345 1556 384 sententiam,
1575 347 1660 376 recte
1675 343 1847 384 disputavit
1859 337 1977 391 utrum-

242 414 304 444 que
325 404 364 435 ab
386 404 494 436 eodem
517 404 692 444 antiquiore
715 406 842 436 auctore
864 407 1022 443 tamquam
1043 402 1195 434 communi
1216 402 1301 434 fonte
1323 403 1494 434 doctrinam
1517 412 1604 435 suam
1627 402 1794 434 derivasse.

366 462 475 500 Neque
497 461 725 493 Sacerdotis
755 464 851 492 artem
880 470 899 492 a
921 461 1071 491 Diomede
1098 460 1284 498 exscriptam
1312 469 1381 491 esse
1408 463 1492 491 certo
1516 460 1633 491 firmari
1658 462 1763 499 potest
1783 461 1975 498 argumento.

241 528 312 550 nam
335 528 372 550 ex
388 518 483 549 nobili
504 518 558 550 illo
579 518 657 556 loco,
678 518 817 549 Diomed.
835 527 865 557 p.
880 518 950 556 318,
966 518 994 556 7,
1014 517 1067 548 ubi
1082 517 1122 548 ad
1138 526 1242 548 casum
1258 517 1423 556 septimum
1438 516 1657 549 illustrandum
1675 526 1743 549 cum
1758 516 1820 548 alia
1834 516 1975 556 exempla

240 575 440 616 proferuntur
467 578 533 606 tum
562 576 620 606 hoc
649 575 775 614 legitur:
804 572 959 606 ‘studente
989 575 1151 605 sacerdote
1181 574 1354 605 differentia
1381 575 1507 606 inventa
1536 579 1586 606 est
1614 598 1623 605 .
1646 598 1654 605 .
1676 598 1683 606 .
1706 597 1713 605 .
1738 572 1975 612 σπουδάζοντος

242 632 348 673 ἱερέως
369 630 388 674 ἣ
408 631 549 673 διαφορὰ
568 628 708 673 ηὑρέθη’,
737 632 858 663 etiamsi
879 640 949 662 cum
970 632 1168 663 Lachmanno
1190 631 1235 671 (in
1257 631 1379 662 Lucret.
1401 641 1430 671 p.
1447 631 1500 672 18)
1523 632 1562 663 de
1583 631 1752 664 Sacerdote
1773 629 1973 671 grammatico

240 690 439 730 cogitandum
462 690 587 729 estss),
618 690 798 721 Diomedem
826 691 931 720 tamen
960 690 1061 729 ipsum
1090 689 1180 720 huius
1207 689 1400 729 grammatici
1428 692 1527 721 artem
1555 689 1758 730 exscripsisse
1778 692 1973 730 nequaquam

241 749 391 788 sequitur,
412 748 505 778 immo
521 757 594 779 vero
609 748 685 778 illud
702 744 834 788 ‘ieqe'wg’
855 748 933 778 satis
950 748 1040 778 docet
1055 747 1195 778 Diomedi
1211 747 1409 778 Sacerdotem
1430 757 1559 786 prorsus
1580 748 1719 787 ignotum
1740 747 1852 785 fuisse3
1874 756 1974 786 neque

240 806 336 837 Keilii
352 805 535 843 sententiae,
558 805 738 836 Diomedem
762 807 794 835 et
811 804 946 844 reliquos
969 804 1195 843 grammaticos,
1217 813 1285 835 cum
1301 804 1479 836 Sacerdotis
1500 813 1611 836 nomen
1632 805 1664 836 in
1686 805 1828 845 exemplo
1847 808 1973 845 ponant,

240 874 275 896 se
296 864 392 895 libros
415 863 481 894 eius
503 872 675 901 usurpasse
696 863 834 893 indicare
855 863 922 902 (Gr.
944 862 997 893 lat.
1019 863 1071 900 VI,
1091 863 1182 901 425),
1205 863 1354 893 adsentiri
1375 871 1512 902 possum,
1534 872 1601 894 cum
1624 872 1663 893 ne
1685 864 1768 902 apud
1789 863 1972 895 Dositheum

240 922 373 960 quidem,
395 921 482 951 cuius
504 920 536 950 in
559 922 626 950 arte
648 919 825 950 Sacerdotis
848 928 957 950 nomen
979 923 1027 950 ter
1049 920 1081 949 in
1104 920 1274 958 exemplum
1297 923 1433 958 vocatur,
1455 919 1537 951 ullus
1560 923 1662 951 exstet
1682 919 1778 958 locus,
1799 928 1860 959 quo
1881 920 1972 951 huius

240 977 433 1018 grammatici
454 976 625 1008 auctoritas
647 977 739 1016 plane
761 976 931 1008 evincatur.
973 976 1079 1016 quidni
1095 976 1271 1008 Sacerdotis
1293 986 1403 1008 nomen
1425 977 1465 1008 ad
1487 977 1677 1016 posteriores
1700 978 1896 1016 artigraphos
1917 987 1972 1017 po-

240 1036 302 1066 tuit
315 1035 477 1074 pervenire
491 1034 549 1072 per
563 1034 678 1065 fontem
695 1034 887 1064 derivatum?
918 1043 996 1072 quae
1020 1034 1175 1064 sententia
1197 1043 1278 1064 nunc
1295 1034 1419 1072 quidem
1434 1034 1535 1064 Keilio
1557 1043 1679 1073 quoque
1694 1034 1817 1066 videtur
1837 1035 1972 1073 probari,

239 1092 292 1132 qui
319 1091 395 1123 dicit
422 1091 474 1122 Gr.
496 1091 550 1122 lat.
572 1091 648 1130 VII,
669 1091 744 1123 369:
774 1088 892 1122 ‘habuit
917 1095 1020 1122 autem
1043 1091 1213 1122 Dositheus
1240 1100 1310 1122 eum
1332 1090 1459 1130 librum,
1489 1100 1578 1131 quem
1608 1095 1698 1131 post
1720 1092 1971 1124 Sacerdotem

238 1149 472 1190 grammaticum
502 1158 572 1180 esse
600 1140 638 1180 ex
666 1149 788 1179 nomine
819 1148 885 1180 eius
916 1151 964 1179 ter
992 1149 1022 1179 in
1053 1149 1193 1187 exemplo
1221 1149 1324 1187 posito
1354 1149 1565 1188 cognoscitur,
1595 1150 1627 1180 in
1655 1150 1736 1181 hanc
1764 1149 1893 1181 formam
1923 1158 1971 1181 re·

239 1196 373 1239 dactum'
394 1215 421 1238 e.
435 1215 464 1246 q.
479 1214 504 1237 s.

363 1264 454 1301 Quod
476 1264 516 1294 ad
538 1263 789 1294 exscribendi
811 1263 1012 1302 rationem,
1034 1272 1095 1302 qua
1116 1263 1282 1295 Diomedes
1304 1272 1379 1295 usus
1402 1267 1464 1303 est,
1485 1264 1697 1303 pertinetw),
1720 1274 1788 1297 eum
1810 1268 1970 1297 auctorum

238 1321 335 1354 verba
356 1330 417 1353 non
439 1323 579 1352 mutasse
601 1321 658 1352 sed
679 1321 803 1361 integra
823 1321 1059 1361 transcripsisse
1080 1324 1212 1360 apparet
1233 1330 1270 1352 ex
1291 1321 1329 1353 iis
1350 1321 1443 1360 locis,
1469 1322 1580 1361 quibus
1602 1322 1642 1353 ad
1664 1322 1791 1354 verbum
1813 1323 1971 1363 conspirat

238 1389 307 1411 cum
329 1379 399 1410 aliis
422 1379 473 1417 qui
494 1379 605 1409 iisdem
626 1378 765 1409 fontibus
787 1378 835 1409 usi
858 1381 931 1408 sunt
953 1378 1150 1417 artigraphis,
1172 1378 1269 1408 velut:

299 1446 329 1476 p.
345 1437 415 1475 317,
430 1436 583 1474 25-318,
598 1436 639 1467 22
661 1435 697 1466 cf.
719 1435 840 1466 Dosith.
855 1435 924 1474 392,
941 1436 1091 1474 10—394‚
1107 1436 1124 1466 7
1137 1436 1185 1473 19)
1207 1438 1239 1466 et
1261 1437 1412 1475 Anonym.
1427 1436 1478 1467 Gr.
1493 1436 1546 1467 lat.
1562 1436 1585 1474 Ι,
1599 1436 1670 1476 534,
1684 1438 1836 1477 22-535,
1851 1438 1879 1470 8.

366 1520 414 1556 17)
437 1520 472 1548 cf.
495 1520 608 1548 Dosith.
632 1519 679 1547 Gr.
695 1520 744 1547 lat.
767 1519 833 1554 VII,
851 1522 918 1554 392,
937 1522 973 1547 10
990 1529 1052 1557 sqq.
1076 1523 1105 1547 et
1126 1521 1270 1556 Anonym.
1294 1519 1340 1547 Gr.
1356 1519 1403 1548 lat.
1426 1520 1450 1553 Ι,
1468 1522 1535 1555 584,
1552 1522 1590 1548 22
1608 1530 1679 1559 sqq„
1703 1531 1824 1560 quorum
1846 1525 1969 1562 uterque

235 1570 369 1599 exhibet:
399 1565 542 1598 ‘studente
563 1569 717 1598 Sacerdote
740 1591 746 1597 .
763 1592 769 1598 .
787 1591 793 1597 .
816 1566 1032 1603 σπουδάζοντος
1053 1566 1318 1606 Σακέρδωτος’.
1362 1570 1397 1597 cf.
1420 1573 1450 1597 et
1470 1570 1583 1598 Sacerd.
1606 1570 1653 1598 Gr.
1675 1571 1723 1599 lat.
1747 1571 1803 1606 VI,
1826 1574 1895 1608 447,
1917 1575 1968 1601 18:

233 1616 397 1648 ‘Sacerdote
419 1615 556 1647 docente'.
578 1635 619 1639 -
649 1618 822 1647 sententiam
844 1628 913 1647 vero
936 1628 1019 1656 quam
1050 1618 1172 1655 protulit
1192 1618 1372 1646 Wentzelius
1397 1614 1503 1656 ‘Symb.
1526 1620 1588 1648 crit.
1612 1617 1734 1649 Vratisl.'
1762 1623 1854 1656 1858,
1875 1631 1903 1658 p.
1919 1623 1968 1657 37,

235 1670 274 1697 M.
297 1669 423 1697 Plotium
451 1669 632 1696 Sacerdotem
661 1677 763 1697 revera
793 1672 939 1704 parentem
970 1678 1033 1696 esse
1063 1668 1176 1704 septimi
1207 1677 1301 1702 casus,
1334 1668 1505 1695 reiciendam
1537 1678 1599 1696 esse
1628 1673 1748 1706 apparet
1778 1680 1816 1698 ex
1845 1671 1967 1702 Quintil.

233 1719 258 1752 Ι,
281 1721 308 1752 4,
332 1720 380 1744 26.

365 1766 412 1802 18)
441 1766 471 1793 in
499 1766 666 1794 universum
694 1766 771 1793 enim
799 1766 973 1793 monendum
1000 1769 1044 1794 est
1071 1766 1271 1802 grammaticos
1299 1766 1393 1804 quarti
1423 1766 1528 1795 saeculi
1556 1766 1586 1794 in
1609 1768 1814 1805 componendis
1841 1764 1968 1798 ‘artibus’

233 1816 404 1853 plerumque
425 1825 462 1843 ex
485 1815 680 1852 compluribus
700 1815 832 1843 fontibus
852 1816 989 1851 hausisse,
1011 1816 1072 1844 sive
1094 1816 1135 1844 ita
1153 1819 1185 1844 ut
1201 1816 1335 1852 deinceps
1354 1820 1485 1844 auctores
1502 1817 1706 1852 exscriberent,
1728 1818 1808 1846 velut
1822 1819 1968 1847 Charisius

232 1867 275 1902 (p.
293 1865 361 1899 147,
381 1865 415 1892 17
433 1874 496 1903 sqq.
523 1867 588 1899 180,
612 1865 649 1892 27
666 1864 756 1902 sqq.),
779 1864 840 1892 sive
862 1868 895 1892 ut
916 1864 1075 1901 complures
1097 1865 1317 1893 commentarios
1338 1865 1576 1900 contaminarent,
1597 1866 1627 1893 id
1649 1867 1726 1904 quod
1747 1867 1777 1894 in
1799 1867 1968 1895 Diomedem

232 1915 334 1944 cadere
362 1923 431 1942 mox
453 1914 586 1942 elucebit.
628 1913 716 1942 etiam
738 1914 774 1942 ab
797 1916 950 1952 Anonymo
972 1913 1019 1943 Gr.
1042 1914 1090 1943 lat.
1113 1914 1142 1948 I,
1167 1916 1224 1942 533
1241 1924 1304 1953 sqq.
1332 1914 1460 1943 diversos
1489 1915 1657 1952 compilatos
1683 1925 1745 1945 esse
1767 1919 1898 1945 auctores
1918 1917 1967 1945 de-

233 1966 411 1993 monstratur
432 1964 538 2000 duplici
561 1964 596 1992 de
618 1964 755 1999 gradibus
777 1965 1022 2000 comparationum
1044 1967 1168 1992 tractatu
1190 1964 1238 2000 (cf.
1260 1974 1288 2000 p.
1305 1967 1372 1999 536,
1394 1965 1540 1999 18—537‚
1559 1967 1595 1993 14
1618 1968 1648 1993 et
1670 1968 1737 2000 555,
1755 1966 1905 2001 30—557‚
1922 1966 1965 2004 2);

232 2023 299 2042 nam
315 2012 428 2041 etiamsi
443 2013 568 2042 Christio
591 2013 746 2050 (Philolog.
763 2013 870 2042 XVIII
891 2023 918 2050 p.
938 2015 993 2041 138
1008 2014 1064 2052 sq.)
1086 2016 1208 2052 uterque
1229 2014 1331 2042 horum
1352 2014 1480 2043 locorum
1502 2023 1540 2043 ex
1562 2015 1660 2044 eodem
1681 2015 1756 2044 libro
1779 2015 1966 2053 (Cominiaui)

231 2064 348 2091 videtur
367 2063 497 2096 fluxisse,
519 2065 617 2091 tamen
637 2063 837 2100 uuusquisque
859 2063 909 2099 qui
931 2063 983 2090 hos
1004 2062 1082 2089 locos
1103 2063 1264 2090 accuratius
1286 2063 1447 2097 contulerit,
1470 2064 1629 2091 doctn'nam
1650 2064 1768 2092 alterius
1789 2064 1826 2091 ab
1848 2064 1967 2092 alterius

231 2110 348 2139 differre
368 2110 455 2139 facile
475 2110 633 2148 intelleget.
655 2127 696 2131 —
727 2111 803 2148 apud
824 2110 896 2140 alios
916 2119 985 2139 vero
1007 2111 1202 2149 artigraphos,
1224 2111 1305 2141 velut
1326 2112 1401 2150 apud
1422 2112 1583 2148 Donatum,
1612 2112 1709 2150 plures
1729 2113 1825 2143 fontes
1846 2123 1904 2143 uon
1925 2113 1968 2143 ita

231 2161 356 2190 discerni
374 2164 504 2197 possunt,
526 2162 575 2190 sed
599 2162 695 2190 omnia
716 2171 774 2190 uno
796 2161 878 2190 velut
899 2164 999 2190 tenore
1021 2162 1203 2190 exhibentur.

359 2209 408 2245 19)
430 2210 466 2236 de
487 2209 627 2237 Dositheo
649 2212 679 2237 et
700 2210 735 2237 de
754 2209 876 2244 rasione,
899 2218 973 2247 quae
994 2210 1071 2237 inter
1091 2218 1156 2237 eum
1179 2212 1208 2238 et
1229 2210 1398 2237 Diomedem
1419 2210 1580 2245 intercedit,
1603 2210 1640 2239 of.
1662 2210 1751 2239 Keilii
1772 2210 1893 2248 praefat.
1917 2210 1967 2240 Gr.

224 2257 281 2287 lat.
303 2257 375 2294 VII,
398 2258 457 2287 867
473 2267 553 2298 sqq.,
584 2259 635 2288 ubi
663 2259 748 2288 docet
766 2254 947 2289 ‘Dositheum
974 2268 1069 2298 neque
1098 2268 1137 2289 ex
1156 2259 1279 2289 Charisii
1300 2259 1349 2289 vel
1370 2259 1517 2289 Diomedis
1536 2260 1620 2290 libris
1647 2269 1742 2300 neque
1763 2270 1801 2290 ex
1820 2261 1892 2291 Bob.
1914 2270 1966 2291 ex-

228 2309 339 2345 cerptis
360 2318 403 2343 ea,
426 2318 500 2346 quae
520 2318 586 2337 cum
606 2309 653 2338 his
673 2310 867 2343 consentiunt,
889 2309 1036 2345 petivisse,
1057 2311 1107 2337 sed
1128 2319 1163 2337 ea
1184 2310 1280 2337 omnis
1302 2330 1309 2337 .
1325 2330 1334 2337 .
1349 2330 1356 2337 .
1377 2319 1416 2337 ex
1435 2310 1599 2347 antiquiore
1619 2310 1700 2339 fonte
1721 2311 1825 2339 hausta
1844 2306 1924 2339 esse?

2169 1950 2183 1970 [s

2105 2188 2110 2196 ,
2151 2159 2183 2196 ἐξ

2144 2190 2183 2244 <⁴⁸5³
