2183 2514
0 0 161 27 ggssaaegaefg‘
185 11 197 15 r„
222 0 256 15 υ.

0 22 46 53 ζ”ἳ
66 22 123 53 52²3,
146 22 163 50 ⁴.

980 158 1270 222 --36-χ

360 282 441 320 Quid
462 291 535 314 vero
558 282 597 313 de
618 282 768 313 Diomede
790 283 990 314 statuendum
1011 284 1083 314 est?
1124 282 1314 314 Adhibuitne
1334 284 1367 314 et
1381 282 1604 320 Quintilianum
1626 285 1658 314 et
1678 282 1791 314 Isidori
1811 273 1970 326 auctorem
1991 271 1994 276 ¹

233 349 277 371 an
298 339 463 379 exscripsit
491 339 602 371 librum
632 340 801 379 quendam,
818 345 891 379 'quo
919 340 1061 371 doctrina
1082 340 1244 379 utriusque
1274 339 1437 372 coniuncta
1465 340 1556 371 erat?
1596 339 1682 379 prior
1710 339 1864 372 sententia
1889 339 1971 374 bene

234 398 370 437 quadrat
390 397 420 428 in
443 397 603 428 Diomedis
624 397 776 428 rationem
799 397 1036 429 contaminandi.
1079 400 1216 429 attamen
1238 397 1339 428 altera
1359 397 1516 437 sententia
1532 397 1656 438 videtur
1670 396 1874 436 praeferenda
1889 405 1968 428 esse.

232 454 367 494 primum
388 438 469 485 eslim
491 463 553 485 non
574 454 677 494 ipsum
698 454 879 485 Diomedem
901 454 958 485 sed
984 454 1051 485 eius
1080 457 1238 486 auctorem
1267 454 1354 485 libris
1376 454 1558 492 Quintiliani
1586 463 1675 486 usum
1704 463 1775 486 esse
1803 454 1874 486 ideo
1903 456 1969 486 sta-

233 511 361 549 tuerim,
383 512 466 551 quod
488 521 614 551 operam
637 521 690 549 ea,
711 520 791 551 quae
812 512 896 551 apud
918 512 1141 549 Quintilianum
1163 512 1303 551 pluribus
1325 512 1401 543 locis
1423 515 1496 543 sunt
1518 512 1674 551 dispersa,
1695 511 1861 552 colligendi
1883 514 1915 544 et
1935 512 1968 543 in

232 570 348 601 iustum
370 569 532 608 redigendi
549 569 697 607 ordinem,
719 569 866 601 maiorem
887 569 985 600 fuisse
1007 573 1083 608 puto
1105 578 1196 608 quam
1213 578 1293 608 quae
1313 578 1333 600 a
1349 569 1499 600 Diomede
1513 570 1544 600 in
1567 578 1660 608 opere
1682 578 1738 600 suo
1755 570 1968 613 componendo

234 630 417 665 consumpta
444 635 515 657 esse
544 627 701 665 credatur;
729 626 895 666 praecipue
926 627 1019 658 etiam
1049 626 1163 665 singuli
1190 626 1236 657 illi
1264 626 1339 664 loci,
1366 626 1477 665 quibus
1500 626 1665 658 Diomedes
1693 626 1793 658 minus
1823 629 1967 658 accurate

233 692 303 715 cum
334 683 522 721 Quintiliano
554 684 724 722 consentit,
751 683 867 715 fontem
897 683 1036 715 indicant
1066 683 1292 715 secundarium.
1334 683 1446 714 deinde
1474 686 1578 715 autem
1605 683 1678 715 licet
1704 684 1871 715 Diomedes
1899 684 1968 723 ipse

232 741 317 772 illius
339 740 509 779 inspexerit
530 740 641 778 libros,
671 740 870 771 nihilominus
898 740 928 771 in
958 740 1059 779 capite
1079 737 1128 771 ‘de
1150 737 1368 771 schematibus'
1390 740 1609 779 perscribendo
1640 740 1777 780 exceptis
1799 740 1913 772 Donati
1935 744 1967 772 et

233 798 365 830 Charisii
387 798 564 829 auctoribus
587 798 679 829 etiam
702 807 739 829 ex
761 798 853 829 tertio
876 797 938 838 (vel
961 801 1026 828 tum
1048 798 1152 837 potius
1174 800 1298 837 quarto)
1326 798 1461 837 quodam
1483 798 1561 829 libro
1589 799 1710 837 hausit,
1738 808 1806 830 cum
1835 808 1896 830 non
1926 799 1969 831 sit

233 856 446 895 perspicuum,
474 856 558 886 unde
579 864 616 886 ea
645 864 724 894 quae
747 864 771 886 s.
793 858 815 885 t.
838 856 877 885 de
905 855 1089 894 gradatione
1117 863 1177 885 non
1208 863 1276 885 cum
1298 854 1502 892 Quintiliano,
1532 856 1588 886 sed
1615 856 1728 894 partim
1757 864 1825 887 cum
1846 856 1968 888 Isidoro

235 913 409 944 communia
430 913 540 951 habet,
569 912 756 944 derivaverit
776 912 837 944 nisi
860 921 896 943 ex
925 912 1017 943 tertio
1045 912 1178 951 quodam
1206 899 1304 949 fonte,
1334 912 1478 951 quoniam
1509 913 1541 944 in
1570 913 1691 945 duobus
1721 913 1857 945 fontibus
1888 914 1967 953 aliis,

233 979 312 1009 quos
333 979 429 1009 supra
450 970 662 1008 cognovimus,
692 978 749 1000 nec
769 970 870 1000 volam
893 978 949 1000 nec
971 969 1135 1008 vestigium
1158 969 1315 1000 exstitisse
1344 969 1535 1008 intellegitur
1557 979 1592 1001 ex
1614 970 1767 1009 Charisio,
1789 970 1967 1010 Sacerdote,

234 1028 371 1065 Donato,
403 1028 486 1066 apud
514 1036 592 1066 quos
620 1027 736 1058 mentio
758 1027 849 1058 huius
871 1026 1002 1066 figurae,
1034 1035 1113 1066 quae
1136 1022 1238 1057 errore
1260 1026 1341 1057 inter
1371 1028 1588 1065 grammaticas
1618 1027 1734 1066 figuras
1763 1024 1903 1067 irrepsit,
1931 1028 1968 1060 fit

233 1084 327 1116 nulla.
370 1093 461 1123 porro
483 1084 594 1116 tertius
616 1084 770 1115 indicatur
791 1088 898 1115 auctor
925 1083 1073 1123 exemplis
1095 1083 1267 1121 nonnullis,
1295 1083 1380 1115 velut
1401 1087 1434 1114 et
1454 1084 1485 1115 in
1507 1085 1685 1124 parhomoei
1707 1088 1738 1116 et
1759 1085 1791 1116 in
1820 1086 1967 1126 polysyn-

234 1143 299 1174 deti
321 1142 524 1182 explicatione
546 1142 619 1173 bina
640 1142 838 1173 inveniuntur
860 1142 1013 1181 exempla,
1035 1151 1164 1182 quorum
1187 1142 1304 1173 nullum
1327 1141 1410 1181 apud
1432 1145 1551 1174 ceteros
1579 1145 1722 1174 auctores
1745 1146 1861 1182 exstat;
1890 1144 1965 1175 item
1997 1168 2001 1171 ,

234 1201 319 1240 apud
340 1200 522 1231 Diomedem
538 1200 706 1231 Sallustius
728 1203 837 1238 quater
859 1200 898 1239 (s.
920 1203 942 1230 t.
963 1200 1002 1230 de
1024 1199 1169 1238 prolepsi,
1191 1200 1230 1230 de
1252 1199 1420 1238 anaphora,
1442 1199 1481 1230 de
1502 1199 1759 1238 homoeoteleuto,
1782 1202 1820 1232 de
1841 1202 1966 1233 homoe-

236 1260 368 1297 optoto)‚
389 1266 541 1296 nusquam
563 1257 647 1296 apud
669 1263 789 1287 ceteros
811 1257 937 1294 citatur;
960 1256 1116 1288 Ciceronis
1139 1265 1259 1296 quoque
1280 1256 1375 1287 verba
1396 1256 1479 1295 apud
1501 1256 1570 1288 illos
1592 1266 1719 1297 perraro
1739 1258 1804 1297 vel,
1826 1261 1861 1290 ut
1882 1260 1966 1298 apud

232 1316 404 1352 Donatum,
432 1323 601 1353 nusquam,
631 1315 714 1353 apud
737 1314 916 1345 Diomedem
946 1313 1108 1353 quinquies
1136 1314 1167 1345 in
1190 1313 1363 1352 exemplum
1392 1316 1541 1344 vocantur
1568 1314 1619 1353 (cf.
1643 1325 1667 1346 s.
1689 1319 1710 1346 t.
1734 1315 1772 1347 de
1793 1319 1966 1356 zeugmate,

232 1373 272 1403 de
293 1371 490 1411 epanalepsi,
513 1372 552 1402 de
573 1371 806 1410 paronomasia,
827 1372 866 1401 de
888 1371 1029 1411 dialyto).
1072 1371 1191 1401 accedit
1212 1371 1294 1409 quod
1318 1379 1355 1401 cx
1373 1370 1421 1401 his
1436 1370 1570 1410 quinque
1589 1372 1737 1411 exemplis
1756 1372 1965 1406 Ciceronianis

230 1429 294 1460 duo
314 1430 477 1459 recurrunt
498 1428 582 1467 apud
604 1428 844 1465 Quintilianum,
865 1427 897 1458 id
919 1428 1002 1467 quod
1024 1436 1098 1458 casu
1120 1426 1235 1458 factum
1257 1436 1328 1458 esse
1349 1428 1472 1466 nequit,
1493 1436 1561 1458 cum
1584 1437 1603 1459 a
1624 1430 1832 1468 grammaticis
1854 1431 1961 1464 latinis

230 1487 272 1518 ad
293 1486 496 1517 illustrandas
518 1485 650 1516 virtutes
672 1485 808 1524 vitiaque
836 1485 985 1516 orationis
1014 1484 1155 1523 exempla
1182 1485 1362 1523 plerumque
1384 1493 1421 1515 ex
1442 1485 1543 1524 poetis
1566 1485 1729 1526 (imprimis
1752 1496 1789 1519 ex
1811 1489 1965 1531 Vergilio)

230 1546 421 1583 repetantur.
465 1543 547 1573 unde
569 1543 662 1581 igitur
684 1543 745 1573 duo
768 1542 822 1573 illa
839 1542 979 1581 exempla
1001 1545 1208 1581 pervenerunt
1229 1542 1270 1572 ad
1285 1542 1487 1573 Diomedem?
1530 1542 1569 1573 ab
1591 1542 1649 1574 hoc
1671 1552 1708 1575 ea
1725 1553 1762 1576 ex
1783 1545 1965 1583 Quintiliani

228 1601 308 1633 libro
329 1604 455 1641 sumpta
477 1609 547 1632 esse
568 1610 657 1632 nemo
680 1599 887 1638 contenderit;
918 1600 974 1631 sed
996 1600 1093 1631 multo
1115 1599 1305 1639 probabilius
1327 1600 1420 1631 tertio
1442 1600 1595 1632 debentur
1616 1602 1750 1641 auctori,
1777 1603 1864 1635 cuius
1885 1605 1964 1637 libro

229 1659 398 1690 Diomedes
420 1659 451 1689 in
474 1658 576 1697 capite
596 1655 644 1688 ‘de
666 1655 897 1697 compositione’
922 1666 998 1688 usus
1021 1660 1085 1695 est;
1106 1657 1290 1696 praesertim
1306 1666 1374 1688 cum
1388 1657 1419 1688 in
1434 1657 1488 1689 illo
1503 1659 1605 1697 capite
1620 1660 1760 1699 exempla
1773 1660 1837 1693 fere
1852 1663 1965 1702 omnia,

228 1716 311 1748 circa
331 1716 441 1756 viginti
462 1716 610 1755 quinque,
642 1724 679 1746 ex
700 1715 847 1746 Cicerone
869 1719 994 1754 sumpta
1016 1715 1078 1746 sint
1109 1723 1206 1754 eaque
1237 1723 1382 1754 magnam
1413 1718 1534 1754 partem
1564 1725 1601 1747 ex
1631 1716 1740 1749 iisdem
1771 1720 1964 1752 orationibus

227 1776 322 1813 atque
343 1774 374 1804 in
397 1773 500 1812 capite
520 1770 569 1804 ‘de
591 1770 817 1803 schematibus’.

352 1831 418 1861 Iam
440 1830 614 1869 quaeritur,
643 1830 796 1869 quomodo
825 1829 940 1861 factum
971 1830 1028 1867 sit,
1058 1832 1093 1860 ut
1121 1829 1208 1868 apud
1234 1829 1413 1861 Diomedem
1444 1830 1475 1860 in
1506 1833 1636 1869 utroque
1658 1832 1758 1871 capite
1779 1832 1833 1864 ille
1855 1837 1964 1866 auctor

228 1888 321 1919 simul
342 1897 412 1919 cum
433 1887 616 1925 Quintiliani
638 1887 779 1918 doctrina
799 1887 890 1918 nobis
911 1889 1061 1918 occurrat.
1105 1889 1136 1917 et
1157 1886 1232 1917 mihi
1262 1886 1386 1926 quidem
1415 1887 1491 1918 nihil
1521 1888 1644 1920 videtur
1673 1889 1863 1929 probabilius
1894 1900 1964 1924 esse

226 1954 320 1985 quam
342 1945 523 1976 Diomedem
544 1945 726 1982 Quintiliani
747 1953 869 1984 quoque
891 1944 1112 1983 explicationes
1134 1953 1190 1983 per
1209 1944 1296 1975 illum
1318 1947 1475 1976 auctorem
1494 1946 1665 1985 accepisse,
1686 1948 1870 1986 praesertim
1891 1957 1960 1980 cum

225 2002 410 2041 Quintiliani
432 2002 568 2041 vestigia
596 2004 661 2033 tam
689 2001 855 2041 perspicua
883 2001 956 2033 alibi
986 2001 1070 2041 apud
1099 2010 1168 2033 eum
1198 2009 1258 2033 non
1287 2001 1482 2041 reperiuntur
1502 2001 1563 2034 nisi
1585 2004 1681 2035 semel
1701 2013 1731 2044 p.
1748 2004 1826 2044 456,
1846 2005 1888 2038 29
1907 2006 1962 2046 (de

223 2061 347 2100 tropo),
368 2060 422 2092 ubi
442 2060 526 2091 illius
549 2059 727 2091 memoriam
749 2059 892 2091 Diomedi
912 2059 974 2099 ipsi
995 2058 1100 2090 deberi
1123 2067 1178 2090 cur
1197 2061 1358 2098 putemus,
1389 2059 1475 2091 nulla
1497 2062 1546 2091 est
1567 2069 1677 2100 causa;
1708 2061 1801 2093 immo
1823 2071 1897 2094 vero
1917 2063 1961 2095 ibi

224 2126 348 2158 quoque
367 2120 494 2158 praeter
514 2117 629 2149 Donati
650 2119 683 2148 et
703 2116 837 2149 Charisii
858 2119 1001 2148 auctores
1022 2116 1147 2148 tertium
1167 2116 1284 2148 fontem
1305 2116 1449 2148 Diomedi
1477 2120 1603 2157 praesto
1629 2118 1727 2151 fuisse
1755 2119 1961 2153 demonstrari

248 2177 341 2207 otest.

222 2184 246 2215 p
345 2232 447 2289 :fres
468 2231 564 2271 igitur
584 2231 753 2264 Diomedes
774 2231 806 2263 in
836 2231 938 2271 capite
958 2228 1007 2262 ‘de
1029 2228 1254 2271 schematibus',
1285 2231 1366 2264 sicut
1386 2231 1418 2263 in
1440 2232 1639 2272 praecedenti
1659 2230 1708 2266 ‘de
1728 2231 1960 2275 metaplasmis’,
