2183 2514
291 644 492 673 Parhomoeon
513 646 558 673 est
578 652 642 673 oum
664 644 699 672 ab
721 643 811 673 isdem
833 644 939 674 litteris
961 645 1074 675 diversa

229 694 321 722 verba
342 695 502 727 sumuntur,
524 695 571 721 ut:

228 737 264 770 ὀ
286 742 369 771 Tite
390 744 472 771 tute
492 741 579 771 'rati
600 744 620 770 t„
636 744 656 770 t.
671 744 692 769 t„
707 738 735 770 t?
760 741 847 779 (Ena.
865 751 932 770 ann.
951 745 975 777 1,
994 743 1074 780 113).

291 988 636 1019 Homoeoteleuton
657 992 713 1018 est
734 998 812 1018 cum
833 989 949 1018 simili
970 990 1072 1018 modo

228 1038 415 1068 dictiones
437 1037 618 1074 plurimae
638 1038 844 1073 finiuntur,
866 1041 904 1067 ut
924 1035 997 1067 ‘eos
1018 1048 1073 1067 re·

228 1087 312 1116 duci
334 1096 439 1126 quam
460 1086 648 1124 relinqui,
671 1087 805 1115 devehi
828 1096 930 1125 quam
952 1087 1072 1115 deseri

227 1132 355 1165 Kalui’
380 1135 468 1174 (Eun.
482 1135 578 1173 Iphig.
594 1136 649 1172 frg.
663 1135 702 1172 9).

291 1431 592 1469 Homoeoptoton
614 1434 671 1460 est
699 1441 776 1460 oum
796 1431 833 1460 in
855 1431 996 1460 similes
1018 1441 1072 1460 ca-

229 1491 290 1510 sus
318 1483 458 1510 exeunt
486 1481 597 1510 verba
618 1480 778 1516 diversa,
810 1483 850 1509 ut
876 1476 1073 1510 ‘merentes

227 1530 369 1560 flentes
389 1530 630 1559 lacrimantes
652 1526 964 1559 commiserantes’
986 1528 1073 1568 (Eun.

228 1588 294 1610 ann.
315 1581 338 1616 1,
357 1579 437 1618 107).

292 1628 524 1666 Polyptoton
546 1630 603 1657 est
623 1628 825 1657 multitudo
847 1638 990 1657 casuum
1011 1638 1072 1657 va-

227 1677 363 1707 rietate
385 1677 579 1713 distincta,
601 1679 653 1707 ut:

227 1722 357 1756 ‘litora
384 1727 565 1756 litoribus
592 1728 780 1756 contraria
807 1728 988 1757 fluetibus
1010 1738 1073 1756 un-

228 1776 292 1804 das
313 1775 513 1812 Impreoor,
535 1784 632 1804 arma
652 1776 774 1811 armis,
796 1779 964 1813 pugnent
984 1776 1072 1812 ipsi-

230 1833 297 1863 que
318 1832 388 1861 nep
396 1821 554 1863 otesque’
578 1824 677 1862 (Verg.
692 1826 727 1853 A.
743 1828 770 1860 4,
787 1827 846 1853 628
859 1825 923 1864 sq.).

292 1872 442 1902 Eirmos
469 1876 527 1902 est
555 1873 673 1902 series
703 1874 886 1903 orationis
907 1876 1072 1902 tenorem

230 1931 334 1953 suum
349 1931 461 1961 usque
481 1921 524 1951 ad
537 1921 701 1951 ultimum
723 1932 886 1958 servans,
908 1925 947 1952 ut
965 1918 1072 1960 ‘prin-

229 1971 327 2010 oipio
343 1971 483 2001 eaelum
497 1979 534 2000 ac
548 1973 662 2001 terras
678 1981 887 2011 camposque
901 1972 1073 2011 linquen-

227 2022 287 2051 tes
299 2020 566 2058 Lucentemque
582 2020 725 2057 globum
739 2022 844 2051 lunae
858 2022 1073 2061 Titaniaque

227 2071 334 2106 nstra,
356 2069 507 2108 Spiritus
521 2070 615 2100 intus
628 2066 708 2101 alit'
721 2071 819 2110 (Verg.
830 2072 867 2101 A.
880 2074 908 2107 6,
918 2071 977 2100 724
986 2071 1073 2111 sqq.).

237 2146 241 2151 ,
284 2118 1072 2158 Polysyndetonestmultisnexaooniunetio-

226 2168 332 2198 nibus
354 2167 477 2205 dictio,
505 2170 544 2198 ut
562 2164 786 2209 ‘Acamasque
807 2169 987 2210 Thoasque
1008 2171 1072 2201 Pe-

207 2215 685 2257 ”lide-exeoptolemunque’,
717 2221 751 2249 et
772 2221 887 2249 cetera
915 2220 1013 2257 (Verg.
1035 2222 1070 2250 A„

123 2237 136 2265 ι’
198 2265 408 2306 ἰᾓ-Ξωις.)

1456 236 1715 286 Diomede-¹51*

1125 301 1156 327 et
1174 298 1260 328 aliter
1287 298 1390 327 schesis
1417 291 1721 337 onofflhrfflw'n
1735 299 1797 337 ἰᾷ,
1826 323 1828 326 .

1126 352 1204 376 textu
1230 350 1427 377 sentena‘arum
1452 341 1786 390 plwwmm'co

1125 401 1157 424 ut
1285 397 1383 436 (Verg.
1398 399 1434 426 A.
1453 399 1499 432 11,
1515 397 1597 435 488).
1615 389 1630 394 '⁴
1661 410 1664 412 v

1188 448 1228 475 De
1255 447 1434 484 par-honum.
1478 447 1677 476 Parhomoeon
1709 449 1754 476 est
1781 438 1863 476 oum³
1899 477 1902 479 ,
1936 483 1941 486 μ
1961 487 1963 489 ,

1124 496 1172 526 vel
1193 495 1311 525 nomina
1331 496 1479 533 paululum
1504 495 1614 525 inflexa
1641 499 1671 525 et
1689 497 1787 525 tamen
1813 488 1982 534 proposi-‘s
2022 491 2024 494 ’

1124 545 1204 574 milia
1225 545 1420 582 superioribus
1440 545 1613 580 inferuntur,
1634 547 1667 574 ut
1689 566 1696 573 .
1712 568 1718 574 .
1734 567 1741 574 .
1764 544 1861 582 (Verg.
1880 546 1917 574 A.
1935 547 1962 580 4,
2009 583 2012 587 .
2033 558 2035 561 ·

1124 597 1141 623 3
1154 594 1221 633 sq.).
1937 606 1940 610 ·

1124 646 1153 672 et
1174 643 1259 673 aliter
1274 643 1464 680 parhomoeon
1476 643 1534 681 fit,
1558 653 1618 672 cum
1638 643 1721 673 verba
1742 644 1872 673 similiter·
1893 645 1963 672 inci-

1120 693 1214 730 piunt,
1240 696 1286 720 ut.-

1122 738 1264 770 ‘maohina
1284 741 1375 770 multa
1395 751 1433 771 m.
1447 752 1484 771 m.
1500 751 1537 771 m.
1552 737 1597 770 m.’

1187 791 1228 818 De
1258 790 1487 825 homoeoteleuto„
1526 791 1767 819 Homoeoteleuton
1798 796 1841 820 est
1872 792 1964 820 oratio

1124 840 1266 869 similibus
1287 840 1421 869 clausulis
1442 841 1603 877 terminata,
1624 841 1654 869 id
1670 844 1715 871 est
1730 842 1802 878 pari
1820 840 1963 869 verborum

1124 891 1202 918 exitu
1214 889 1315 927 finita,
1341 894 1373 917 ue
1392 890 1484 927 apud
1505 890 1659 919 Ennium
1681 890 1759 928 (Iph.
1773 890 1828 927 frg.
1841 890 1872 928 9)
1892 885 1963 919 ‘eos

1123 940 1251 968 reduci
1283 948 1387 977 quam
1418 939 1582 977 relinqui
1610 940 1636 967 d.
1658 949 1688 978 q.
1709 940 1736 967 d.
1758 935 1904 973 Malui';
1934 941 1965 967 et

1122 988 1274 1017 Sallustius
1296 988 1348 1026 (H.
1369 987 1425 1024 frg-
1441 990 1479 1017 59
1501 988 1550 1026 D.)
1570 984 1610 1017 ‘in
1631 988 1721 1024 nuda,
1749 987 1781 1017 iu
1802 990 1879 1018 tecta
1900 997 1961 1017 eor-

1123 1034 1213 1075 pora';
1237 1037 1383 1073 Vergilius
1404 1038 1452 1073 (A.
1468 1040 1495 1072 6,
1512 1037 1563 1074 86)
1585 1059 1592 1065 .
1608 1058 1616 1065 .
1633 1059 1640 1066 .

1122 1086 1444 1114 homoeoteleuton
1471 1088 1526 1114 est
1554 1095 1629 1114 oum
1651 1085 1767 1114 simili
1788 1086 1887 1114 modo
1909 1086 1967 1121 ‹li-¹

1123 1135 1268 1165 otiones
1289 1134 1424 1163 multae
1444 1134 1636 1164 finiuntur.

1186 1185 1227 1212 De
1252 1184 1451 1221 homoeoptoto.
1497 1185 1712 1221 Homoeoploton
1739 1188 1781 1212 est
1801 1185 1894 1212 oratio
1914 1193 1964 1212 ea·—

1125 1241 1241 1260 currens
1262 1234 1291 1260 in
1314 1232 1419 1260 eosdem
1440 1241 1522 1261 casus
1542 1233 1681 1267 similiter,
1705 1232 1735 1261 id
1756 1235 1800 1262 est
1820 1242 1885 1261 oum
1904 1241 1963 1261 uno

1124 1281 1269 1320 similique
1298 1290 1365 1310 casu
1387 1281 1475 1312 totius
1497 1291 1598 1311 sensus
1619 1281 1790 1312 elocutionis
1817 1282 1962 1320 impletur,

1123 1334 1157 1360 ut
1177 1331 1253 1368 apud
1275 1330 1442 1360 Sallustium
1463 1331 1514 1368 (H.
1535 1332 1590 1368 frg.
1608 1333 1665 1360 102
1687 1332 1745 1369 D.).
1769 1354 1776 1361 .
1793 1353 1799 1360 .
1815 1353 1822 1360 .

1124 1383 1154 1409 et
1175 1379 1258 1410 aliter
1278 1380 1504 1418 homoeoptoton
1530 1380 1564 1410 fit
1585 1390 1649 1410 oum
1671 1381 1762 1411 oratio
1784 1380 1913 1410 exeun-it
1931 1381 1964 1409 in

1124 1430 1239 1459 eosdem
1260 1439 1342 1459 casus
1363 1433 1392 1459 et
1413 1430 1521 1459 similes
1542 1430 1629 1465 fines,
1659 1432 1700 1460 ut
1719 1430 1863 1460 Ennius
1884 1430 1962 1468 (ann.

1129 1481 1152 1514 1,
1170 1479 1242 1516 107)
1269 1474 1466 1508 ‘merentes
1494 1479 1636 1508 flentes
1664 1479 1903 1509 lacrimantes
1923 1488 1964 1509 ae

1124 1524 1358 1557 miserantes’.
1400 1528 1471 1557 item
1492 1529 1776 1566 homoeoptoton
1804 1532 1860 1558 est
1886 1538 1963 1558 eum

1123 1577 1159 1606 in
1182 1577 1321 1607 similes
1343 1587 1448 1607 casus
1469 1580 1605 1607 exeunt
1625 1579 1735 1608 verba
1756 1579 1910 1608 diversa.
1941 1583 1943 1594 ³
1977 1587 1980 1589 ’
2026 1603 2041 1612 ,

1187 1627 1226 1654 De
1249 1627 1406 1664 polyptoto.
1449 1626 1614 1663 Polyptoton
1635 1632 1678 1655 est
1698 1629 1790 1656 oratio
1818 1636 1962 1656 casuum

1122 1674 1304 1705 varietate
1326 1675 1516 1712 distincta,
1538 1678 1571 1706 ut
1582 1678 1626 1706 est
1635 1677 1667 1705 iu
1677 1676 1812 1707 Terentio
1827 1677 1962 1716 (Adelph,

1125 1727 1307 1764 3,4‚9sqq.
1330 1735 1401 1759 ...;
1421 1726 1507 1754 item:
1945 1717 1947 1719 ,

1164 1769 1292 1802 ‘litora
1312 1774 1494 1803 litoribus
1515 1783 1538 1803 c.
1560 1774 1597 1803 fl.
1619 1770 1744 1803 undas’
1765 1774 1864 1812 (Verg.
1880 1776 1914 1803 A.

1227 1826 1254 1858 4,
1271 1823 1352 1860 628).

1183 1873 1225 1900 De
1245 1872 1346 1900 hir-mo.
1390 1873 1510 1902 Hirmus
1538 1876 1583 1902 est
1608 1882 1672 1901 oum
1693 1873 1844 1901 uniformis
1872 1873 1992 1909 eonti-v<

1123 1924 1229 1951 nuatur
1250 1922 1368 1952 series
1390 1922 1575 1952 orationis
1596 1923 1678 1951 unius
1694 1931 1776 1950 casus
1793 1926 1912 1951 tenorem
1926 1922 1987 1951 ads:

1123 1971 1277 2000 clausulam
1299 1981 1385 2010 usque
1405 1973 1573 2006 cus-ludicras,
1597 1976 1645 2000 ut.-

1164 2016 1367 2059 ‘prinoipio
1388 2022 1526 2051 eaelum
1547 2031 1587 2051 ao
1607 2024 1672 2051 ter.
1694 2031 1719 2050 o.
1740 2021 1760 2050 1.
2002 2059 2006 2062 Α
2028 2058 2033 2063 ¹
2066 2036 2105 2065 ..Ξ-Α

1226 2071 1245 2100 1.
1262 2080 1289 2109 q.
1304 2081 1331 2108 g.
1346 2071 1364 2100 l.
1381 2071 1412 2100 Τ.
1427 2081 1453 2101 a.
1467 2082 1489 2101 s.
1504 2071 1523 2101 i.
1538 2068 1570 2100 a.'
1595 2071 1693 2110 (Vei-g.
1708 2072 1744 2100 Δ.
1760 2073 1787 2106 6,
1804 2071 1862 2100 '124
1876 2071 1964 2111 sqq.).
2043 2068 2061 2080 *⁵

1185 2121 1226 2148 De
1243 2120 1434 2158 polysyndeto.
1477 2120 1679 2158 polysyndeton
1696 2125 1739 2150 est
1759 2122 1852 2150 oratio
1870 2115 2006 2161 plne-<5¹

1123 2169 1173 2198 bus
1194 2179 1269 2199 nexa
1289 2169 1537 2205 comum-tionibus,
1560 2172 1594 2201 ut
1609 2192 1615 2199 .
1628 2192 1635 2200 .
1648 2193 1655 2200 .
1677 2170 1776 2209 (Verg.
1791 2172 1825 2200 A.
1842 2173 1871 2208 9,
1882 2171 1921 2201 76
1956 2181 1964 2186 ⁸

1123 2219 1193 2249 item
1216 2242 1222 2248 .
1238 2241 1245 2249 .
1262 2242 1268 2248 .
1292 2220 1390 2258 (Verg.
1406 2219 1439 2249 G.
1455 2222 1483 2255 8,
1499 2222 1559 2249 344
1571 2221 1635 2259 sq.).
1916 2224 1919 2228 '
1942 2213 1944 2215 ¹
