2183 2514
754 263 911 292 Diomedes
931 265 1001 299 448,
1024 266 1042 291 6
1058 272 1122 302 sqq.
1144 259 1201 300 (De
1222 261 1435 299 sohaemah‘bua).

971 166 1264 213 -42—f

349 319 512 356 Schemah,
531 328 605 359 qaae
625 319 716 349 latine
736 319 847 357 figurae
866 321 1016 356 vooantur,
1043 319 1118 349 sieut
1138 318 1256 348 nomine
1275 319 1339 358 ipso
1359 320 1449 356 patet,
1469 317 1713 361 consa-afim
1730 308 1803 349 mt'
1817 319 1863 375 q.-
1878 299 1938 366 {VJ

224 369 388 401 ιθιιιθιιιίαθ
403 368 532 400 remotae
547 379 566 399 a
581 369 726 400 oommuui
745 379 764 399 a
787 369 851 405 hae,
872 371 906 399 ιιι
921 368 1120 401 Quintilianus
1141 369 1296 405 existimat,
1317 368 1388 398 adeo
1408 368 1501 406 tropis
1520 368 1585 406 ipsa
1599 367 1647 398 rai
1666 370 1771 401 namra

225 421 307 454 sunt,
338 421 372 448 ιιι
391 427 410 448 a
431 419 602 457 quibusdam
622 420 773 455 troporum
793 427 900 447 nomen
920 419 1092 456 aooeperint,
1121 418 1182 447 sive
1210 419 1288 457 quod
1315 419 1443 448 forment
1468 417 1627 447 orationem
1648 417 1710 447 sive
1729 418 1808 456 qnod
1828 418 1958 454 verant,
1974 445 1977 453 ,

224 467 302 498 unde
321 470 353 498 ot
371 469 468 498 motus
488 467 631 498 dicuntur.
674 467 768 505 figura
786 467 878 505 igitur
898 470 943 497 est
963 470 1025 498 arte
1046 467 1144 508 aliqua
1165 470 1273 498 novata
1291 467 1386 497 forma
1406 466 1528 497 dicendi.
1563 466 1650 497 huin·
1670 464 1768 508 μήθθ
1789 467 1859 497 duaa
1879 462 1958 503 ficit,
1996 461 2001 472 ²

225 518 368 554 dionoeas,
390 517 468 556 quod
488 520 534 547 est
555 517 738 554 cogitationis
759 519 789 546 et
809 525 920 553 sensus,
941 520 972 547 et
991 517 1129 555 logu'10),
1151 517 1229 556 quod
1250 520 1295 547 est
1315 517 1486 546 elocutionis
1506 519 1594 555 atque
1614 516 1778 546 verborum.

473 728 605 758 Donatus
628 729 696 764 897,
719 732 737 757 4
754 738 817 768 sqq.

287 786 486 816 Schemate
507 785 642 815 lexeos
663 789 749 815 sunt
765 788 802 815 et
816 785 1008 821 dianoeas,
1031 786 1065 815 id

225 838 286 865 est
318 835 466 873 figurae
497 835 696 864 verborum
729 838 764 864 et
795 844 973 865 sensuum.
1016 836 1066 865 sed

225 884 371 914 schemata
391 884 527 912 dianoeas
546 884 581 912 ad
598 887 726 913 oratores
746 885 902 921 pertinent,
924 884 960 913 ad
974 894 1067 921 gram-

224 933 345 963 matieos
360 932 468 963 lexeos.
502 942 576 972 quae
597 942 661 962 oum
682 933 773 963 multa
794 933 860 969 sint,
881 942 919 962 ex
934 933 1067 962 omnibus

223 982 385 1012 neeessaria
412 982 474 1011 fere
503 984 571 1011 sunt
600 983 696 1011 decem
727 986 757 1011 et
784 985 902 1020 septem.
945 992 1067 1021 quorum

223 1032 295 1060 haeo
316 1034 384 1061 sunt
404 1031 537 1060 nomina:

449 1179 640 1216 prolepsis
661 1188 813 1216 zeugma
832 1180 1068 1217 hypozeuxis

224 1226 409 1264 syllepsis
441 1227 674 1264 anadiplosis
706 1228 898 1264 anaphora
929 1237 1068 1264 epana-

223 1275 348 1313 lepsis
386 1276 588 1313 epizeuxis
623 1277 883 1313 paronomasia
919 1277 1067 1305 schesis

223 1327 429 1354 onomaton
449 1325 706 1362 parhomoeon
726 1325 1065 1355 homoeoteleuton

220 1373 578 1410 homoeoptoton⁷²)
595 1373 826 1411 polyptoton
843 1374 982 1403 hirmos
1001 1384 1064 1411 po-

220 1422 453 1460 lysyndeton
475 1422 656 1460 dialyton.

510 1472 703 1510 Prolepsis
725 1476 784 1502 est
804 1474 1064 1511 praesumptio

219 1529 337 1549 rerum
359 1522 494 1550 ordine
516 1524 779 1557 secuturarum,
801 1524 850 1550 ut:

282 1664 478 1699 ‘continuo
494 1678 604 1707 reges
620 1670 765 1707 ingenti
787 1670 880 1700 mole
898 1667 1063 1701 Latinus’

220 1721 251 1748 et
271 1722 366 1749 cetera
387 1718 485 1756 (Vm-g.
503 1721 539 1748 A.
560 1721 605 1755 12,
627 1714 680 1748 1‘61
696 1719 781 1758 sqq).

1345 729 1499 758 Diomedes
1521 731 1588 765 448,
1614 731 1650 757 12
1668 737 1732 767 sqq.

1827 834 1876 863 sed
1894 843 1957 863 cum

1117 886 1156 913 ad
1182 886 1334 913 oratiorias
1362 886 1476 913 virtutes
1506 886 1646 923 perennent
1673 885 1781 913 schema
1811 884 1953 917 dinosa-r,

1117 944 1168 963 nos
1194 935 1228 962 de
1248 944 1279 963 eo
1301 934 1452 972 loquimur,
1484 934 1557 972 quod
1581 934 1690 963 schema
1720 934 1812 962 lea-eos
1840 932 1954 967 debitam,

1118 985 1197 1011 cuius
1209 983 1310 1021 finitio
1331 988 1375 1012 est
1391 984 1474 1012 taeae'e:
1497 984 1607 1012 schema
1629 984 1723 1012 lexeos
1743 987 1785 1011 en
1806 982 1874 1011 ordo
1896 991 1957 1010 ver-

1119 1033 1215 1061 borum
1236 1033 1319 1061 aliter
1340 1042 1422 1070 quam
1443 1033 1521 1061 debet
1535 1032 1686 1071 figuratus
1707 1033 1790 1061 metri
1807 1036 1860 1061 aut
1878 1031 1957 1061 deco-
2001 1037 2005 1042 ’

1118 1083 1160 1111 ris
1181 1085 1232 1111 aut
1252 1082 1420 1119 emphaseos
1439 1082 1540 1119 gratia.
1581 1082 1663 1110 huius
1683 1083 1786 1119 species
1806 1085 1871 1109 sumt
1886 1080 1957 1109 nnl-

1119 1135 1173 1166 me‚
1203 1131 1253 1159 sed
1277 1132 1449 1159 necessariae
1470 1131 1636 1166 traduntur,
1670 1139 1722 1169 per
1749 1138 1821 1169 quas
1848 1127 1957 1159 similes
1996 1148 2000 1150 -

1119 1180 1304 1217 colligentur,
1332 1180 1522 1217 prolepsis
1548 1189 1697 1217 zeugma
1721 1177 1956 1217 hypozeuxis

1118 1229 1296 1266 syllepsis
1313 1228 1501 1268 [asyndeton]
1519 1228 1748 1265 anadiplosis
1764 1227 1955 1264 anaphora,

1116 1277 1173 1306 alia
1202 1278 1363 1315 anaphora,
1394 1278 1625 1315 epanalepsis
1652 1276 1845 1314 epizeuxis
1873 1284 1954 1313 par-

1116 1327 1301 1356 onomasia
1326 1327 1464 1355 schesis
1489 1329 1686 1356 onomaton
1713 1325 1955 1363 parhomoeon

1115 1375 1438 1404 homoeoteleuton
1466 1376 1754 1412 homoeoptoton
1780 1373 1955 1411 polypto-

1114 1428 1176 1454 ton
1197 1425 1332 1453 hirmos
1353 1424 1626 1464 polysyndeton
1647 1420 1818 1462 dialyton
1838 1422 1954 1453 elimax.

1176 1476 1217 1503 De
1234 1476 1367 1513 prolepsi.
1410 1475 1602 1513 Prolepsis
1620 1477 1676 1504 est
1693 1473 1954 1512 pronuntiatio

1114 1533 1234 1553 rerum
1264 1525 1393 1553 ordine
1421 1527 1642 1559 secutarum,
1675 1523 1706 1551 id
1731 1526 1773 1550 esc
1800 1531 1861 1550 cum
1890 1525 1954 1549 ante

1114 1583 1242 1602 numerus
1268 1574 1348 1602 verbo
1369 1574 1496 1602 redditur
1516 1583 1595 1612 quam
1615 1582 1750 1611 personae
1770 1571 1950 1610 definiantur,

1114 1628 1144 1651 ut
1164 1628 1222 1651 est.-

1176 1668 1367 1702 ‘continuo
1397 1682 1516 1709 reges,
1548 1672 1695 1710 ingenti
1725 1671 1819 1700 mole
1849 1670 1952 1700 Lati-

1114 1732 1181 1751 nus
1203 1722 1426 1761 quadriiugo
1447 1733 1475 1751 v.
1498 1732 1521 1751 o.
1543 1723 1569 1751 b.
1592 1723 1610 1750 i.
1633 1722 1666 1750 Τ.
1689 1743 1695 1750 .
1718 1744 1725 1750 .
1746 1721 1954 1758 procedunt

1115 1769 1257 1800 eastris'
1282 1771 1380 1810 (Verg.
1397 1773 1432 1800 A.
1451 1773 1497 1807 12,
1518 1774 1572 1800 161
1586 1771 1662 1810 sqq.)

1114 1824 1144 1850 et
1164 1821 1247 1850 aliter
1269 1821 1303 1850 de
1324 1821 1451 1859 prolepsi
1473 1822 1645 1858 disputatur,
1667 1830 1731 1849 eum
1752 1820 1782 1849 id
1803 1820 1880 1858 quod
1901 1828 1952 1857 po·

1114 1871 1218 1899 sterius
1234 1870 1338 1899 aeeidit
1358 1873 1426 1899 ante
1440 1872 1554 1907 tempus
1570 1869 1734 1904 ascribitur,
1756 1872 1790 1898 ut
1808 1864 1952 1897 ‘Lavinia-

1113 1928 1169 1958 que
1190 1929 1218 1949 v.
1236 1915 1265 1948 l.’
1287 1920 1334 1958 (Δ.
1353 1921 1378 1955 1,
1394 1919 1440 1957 2);
1460 1918 1613 1948 Lavinium
1634 1918 1710 1948 enim
1731 1917 1859 1947 nondum
1880 1919 1950 1953 erat,

1112 1979 1176 1998 oum
1197 1970 1233 1998 ad
1249 1969 1363 1999 Italiam
1384 1968 1467 1998 venit
1483 1970 1603 1998 Aeneas.
1643 1970 1673 1998 et
1694 1968 1769 2005 apud
1784 1967 1950 1997 Sallustium

1111 2018 1191 2055 (hist.
1204 2019 1227 2054 1,
1240 2018 1271 2056 9)
1288 2013 1425 2047 ‘montem
1442 2027 1552 2047 saerum
1568 2020 1655 2057 atque
1671 2020 1728 2046 Av.
1744 2013 1781 2053 i.’,
1802 2017 1853 2056 qui
1867 2025 1951 2046 mons

1111 2069 1148 2098 ab
1169 2068 1238 2104 hoo,
1269 2068 1337 2108 quia
1357 2067 1438 2097 illum
1459 2067 1541 2105 plebs
1561 2068 1720 2104 insederat,
1750 2069 1851 2105 postea
1871 2075 1952 2096 saeos·
1986 2097 1988 2102 Α
2047 2074 2053 2079 '

1112 2118 1205 2147 dietus
1226 2121 1279 2147 est.

342 2187 395 2227 70)
417 2188 454 2218 of.
475 2198 506 2226 p.
521 2191 590 2225 440,
612 2189 661 2219 17:
682 2184 837 2220 sohemata
857 2190 941 2228 logu
962 2187 1152 2229 appellantur’
1174 2196 1203 2222 et
1224 2192 1259 2222 R.
1275 2191 1451 2221 Volkmanni
1472 2186 1683 2229 ‘’Hermagoras
1703 2201 1732 2229 p.
1750 2194 1820 2220 269.

300 2234 303 2236 ’
333 2238 360 2266 ἆ
366 2237 394 2276 1)
416 2238 643 2275 homoeoptoton
663 2242 731 2276 post
749 2240 1002 2270 homoeoteleuton
1023 2242 1144 2278 praebet
1159 2246 1189 2270 et
1205 2241 1253 2270 hio
1269 2243 1299 2270 et
1313 2240 1391 2269 infra
1410 2241 1471 2270 ood.
1484 2241 1586 2276 ‘Par-is„
1607 2243 1758 2278 praeterea
1775 2240 1950 2278 parhomoeo
1989 2245 1991 2248 ’
2007 2245 2013 2263 f

201 2284 478 2322 homoeoteleuton,
498 2287 724 2325 homoeoptoton
745 2280 897 2326 polyptoto
918 2290 1093 2319 eontrarium
1114 2292 1166 2320 est.
1986 2275 2011 2300 ’ἦ
