2183 2514
225 303 358 334 collatas
380 303 610 341 examinaverit,
630 303 688 333 hos
711 303 928 342 grammaticos
950 312 988 334 ex
1009 303 1117 334 eodem
1138 302 1223 333 fonte
1244 301 1388 332 hausisse
1410 300 1596 332 contendere
1616 303 1732 340 potest.
1773 300 1834 332 sed
1852 298 1958 332 Chari-
1978 282 1983 291 ’

227 361 307 391 sium
329 369 364 391 eo
386 360 465 391 libro
486 369 576 391 usum
599 369 678 399 esse,
700 369 737 391 ex
758 369 819 399 quo
841 361 1007 392 Diomedes
1029 369 1084 391 eas
1105 359 1300 390 definitiones
1321 358 1463 397 sumpsit,
1484 357 1595 397 quibus
1610 357 1779 397 praecipue
1793 356 1871 388 illud
1891 349 1959 388 ‘es‘t

227 416 314 448 cum’
332 418 490 456 proprium
506 421 564 456 est,
585 418 740 449 Donatum
762 427 835 449 vero
858 427 896 448 ex
917 417 1015 448 altero
1030 417 1188 448 Diomedis
1210 416 1295 447 fonte
1317 416 1489 447 doctrinam
1510 424 1598 446 suam
1619 415 1780 446 derivasse
1797 423 1835 445 ex
1848 414 1958 446 tabula

226 478 335 506 nostra
364 475 441 506 satis
470 484 625 514 superque
654 474 840 514 perspicitur
869 474 920 515 (cf.
942 484 971 514 p.
986 475 1027 506 22
1043 474 1111 515 sq.).
1154 476 1247 513 atque
1270 472 1425 513 >quomodo
1446 472 1614 504 Diomedes
1642 474 1801 504 auctorum
1830 480 1956 505 suorum

226 532 397 562 doctrinam
419 532 613 570 conflaverit,
636 533 741 563 statim
762 541 799 562 ex
819 532 919 570 ipsius
941 532 1137 570 metaplasmi
1157 530 1335 561 definitione
1357 540 1393 561 ex
1415 530 1529 561 Donati
1550 532 1677 560 auctore
1698 532 1822 570 sumpta
1841 530 1955 569 elucet3

225 589 273 619 cui
295 589 390 620 verba
410 586 473 620 ‘aut
495 589 615 620 decoris
637 598 733 620 causa
753 587 894 628 figurata'
914 598 952 619 ex
967 588 1098 620 Charisii
1120 590 1247 619 auctore
1265 588 1383 619 inserta
1402 586 1542 627 sunt⁸⁵).
1573 586 1714 618 similiter
1727 587 1759 619 in
1773 584 1957 627 explicanda

225 646 390 685 aphaeresi
411 646 500 677 alteri
522 645 708 684 definitioni,
736 655 755 677 a
777 646 890 677 Donati
912 648 1039 677 auctore
1061 645 1233 681 derivatae,
1256 645 1414 676 adduntur
1433 644 1528 676 verba
1548 641 1625 675 ‘cum
1647 647 1702 675 aut
1722 644 1827 676 littera
1848 654 1956 685 ampu-

223 707 309 735 tatur
330 708 383 735 aut
405 703 527 743 syllaba
548 703 709 742 aufertur’,
738 704 805 735 sine
827 703 920 734 dubio
943 712 980 734 ex
1002 703 1133 735 Charisii
1154 702 1239 734 fonte
1261 703 1389 741 hausta,
1419 702 1500 734 sicut
1520 701 1634 733 factum
1657 705 1707 733 est
1726 702 1758 743 in
1781 701 1956 735 definienda

224 770 376 801 apocope,
407 762 458 792 ubi
478 762 571 792 simili
593 762 684 793 modo
706 761 930 799 definitionem,
960 770 1040 800 quae
1063 761 1175 791 Donati
1197 761 1316 792 auctori
1337 760 1481 798 debetur,
1511 760 1667 799 excipiunt
1687 760 1782 792 verba
1800 758 1878 792 ‘cum
1900 764 1956 792 aut

222 819 328 850 littera
350 819 523 851 detrahitur
545 823 600 851 aut
621 818 765 858 syllaba'‚
795 828 875 858 quae
897 822 1021 850 exstant
1043 817 1135 850 etiam
1158 818 1241 857 apud
1263 818 1446 850 Charisium.
1489 818 1571 858 quod
1593 821 1697 850 autem
1718 818 1773 850 illa
1799 815 1877 850 ‘cum
1899 822 1955 850 aut

223 876 329 908 littera
357 879 537 916 amputatur
565 879 619 907 aut
647 876 768 915 syllaba
795 874 940 907 aufertur'
966 876 1050 915 apud
1073 875 1126 907 Ch.
1148 884 1209 907 non
1230 875 1445 914 inveniuntur,
1474 884 1668 915 nequaquam
1696 876 1836 916 sequitur
1864 885 1901 908 ea
1922 876 1953 908 in

224 934 375 965 communi
396 934 482 965 fonte
504 934 635 965 Charisii
657 937 688 965 et
709 934 867 965 Diomedis
890 942 950 965 non
973 933 1139 972 exstitisse,
1161 934 1218 964 sed
1240 933 1323 972 apud
1345 932 1398 964 Ch.
1420 935 1492 964 sunt
1512 933 1635 965 omissa.
1678 942 1747 965 cum
1769 933 1848 965 enim
1870 934 1954 973 apud

225 1000 294 1023 eum
316 991 472 1031 legamus:
500 988 698 1031 ‘Aphaeres'is
721 993 770 1022 est
791 1000 890 1030 aeque
911 990 1064 1030 generalis
1085 990 1308 1030 metaplasmus
1331 990 1383 1029 qui
1404 989 1439 1022 fit
1460 999 1517 1030 per
1538 990 1777 1030 detractionem,
1806 991 1862 1023 sed
1883 1000 1954 1031 spe—

224 1048 344 1081 cialiter
365 1049 409 1081 sic
431 1048 627 1081 observatur:
659 1049 760 1089 prima
781 1050 871 1088 parte
893 1048 1050 1087 dictionis,
1072 1051 1106 1079 ut
1126 1045 1273 1080 ‘temnere
1294 1046 1393 1080 divos’
1419 1056 1476 1087 pro
1496 1044 1720 1087 ‘contemnere’‚
1742 1048 1953 1089 unusquisque
1998 1070 2001 1074 -

222 1106 377 1145 intellegit
404 1106 499 1137 verba
525 1103 634 1145 ‘prima
662 1109 752 1145 parte
781 1104 936 1137 dictionis’
961 1114 1023 1136 non
1044 1105 1197 1144 integram
1218 1105 1375 1136 continere
1397 1104 1603 1137 definitionem
1625 1106 1681 1137 sed
1702 1106 1883 1137 mutilatam.
1926 1106 1954 1138 si

224 1173 296 1194 vero
311 1163 470 1195 Diomedis
493 1164 595 1195 verbis
617 1173 685 1194 cum
706 1164 756 1194 his
779 1163 953 1194 coniunctis
976 1163 1151 1194 scribimus:
1182 1160 1367 1202 ‘specialiter
1389 1163 1434 1194 sic
1455 1162 1652 1194 observatur:
1682 1163 1876 1203 (aphaeresis
1891 1165 1953 1205 est)

224 1219 316 1261 (cum)
338 1220 438 1259 prima
459 1223 549 1259 parte
572 1220 714 1251 dictionis
737 1219 803 1260 (aut
824 1220 930 1250 littera
951 1223 1130 1258 amputatur
1152 1223 1206 1250 aut
1227 1219 1348 1258 syllaba
1369 1217 1539 1259 aufertur)',
1568 1220 1670 1250 omnia
1690 1219 1769 1251 bene
1790 1221 1953 1260 quadrant,
1978 1218 1983 1221 ⁴

223 1287 323 1317 neque
346 1278 462 1316 dubito,
484 1279 656 1317 quinhaec
677 1279 708 1309 in
731 1278 884 1309 communi
905 1277 990 1309 fonte
1011 1278 1056 1308 ita
1077 1277 1200 1316 prolata
1221 1276 1345 1309 fuerint.

345 1335 482 1365 Duorum
505 1337 664 1365 auctorum
688 1334 883 1365 definitiones
905 1343 925 1364 a
946 1334 1096 1364 Diomede
1119 1335 1298 1365 coniunctae
1320 1337 1392 1364 sunt
1418 1334 1511 1364 etiam
1536 1342 1560 1364 s.
1583 1334 1629 1364 tit.
1651 1334 1690 1365 de
1711 1335 1883 1374 epenthesi,
1913 1336 1954 1368 de

222 1393 328 1431 ectasi,
350 1393 388 1424 de
404 1392 530 1432 systole,
553 1392 592 1423 de
607 1392 777 1431 synaliphe,
798 1391 850 1422 ubi
871 1391 903 1422 in
919 1391 1021 1423 verbis
1041 1389 1218 1432 ‘Synaliphe
1240 1394 1289 1423 est
1311 1391 1438 1423 conlisio
1460 1416 1467 1422 .
1483 1416 1490 1422 .
1505 1416 1513 1423 .
1535 1392 1779 1424 concurrentium
1800 1393 1952 1425 vocalium

221 1475 228 1482 .
245 1474 252 1482 .
269 1460 291 1489 .;
321 1450 399 1481 haec
421 1458 440 1480 a
461 1450 645 1489 quibusdam
668 1449 816 1488 syncrisis
837 1448 1022 1480 nominatur’
1048 1452 1201 1488 apparent
1221 1449 1353 1488 vestigia
1374 1448 1488 1480 Donati
1510 1450 1659 1488 auctoris;
1689 1459 1726 1481 ex
1747 1450 1845 1482 altero
1866 1450 1952 1483 fonte

220 1508 269 1540 his
284 1509 401 1540 inserta
416 1510 489 1539 sunt
503 1508 593 1539 haec:
614 1505 703 1546 ‘quae
724 1507 760 1538 fit
781 1516 850 1538 cum
872 1508 1002 1539 duarum
1024 1532 1031 1538 .
1047 1532 1054 1538 .
1070 1532 1077 1538 .
1099 1507 1198 1538 altera
1220 1507 1344 1539 eliditur
1366 1531 1373 1538 .
1389 1531 1396 1538 .
1411 1531 1418 1538 .
1439 1506 1489 1538 hic
1510 1507 1590 1539 enim
1612 1517 1705 1539 unum
1727 1517 1745 1540 e
1760 1509 1950 1548 praecedens

220 1565 341 1597 excludi
363 1573 492 1596 necesse
514 1562 585 1595 est'.
628 1564 793 1595 nonnullas
816 1573 889 1595 vero
912 1563 1122 1602 definitiones,
1144 1568 1179 1595 ut
1201 1573 1370 1604 syncopes,
1393 1564 1584 1602 diaereseos,
1606 1565 1808 1604 ecthlipseos,
1829 1566 1951 1606 episyn-

219 1623 349 1662 aliphes‚
370 1626 455 1654 totas
471 1622 563 1656 debet
577 1622 743 1653 Diomedes
759 1622 878 1653 auctori
893 1622 1007 1653 Donati
1019 1624 1078 1660 ³⁶),
1100 1630 1167 1653 cum
1186 1621 1396 1654 definitionem
1416 1623 1693 1662 prosparalepseos
1715 1626 1746 1654 et
1760 1623 1951 1655 antitheseos

217 1680 369 1719 integram
390 1680 586 1711 transtulerit
607 1689 644 1710 ex
664 1679 749 1710 fonte
770 1679 910 1710 Charisii.

343 1737 405 1769 Sed
428 1740 554 1776 praeter
576 1737 654 1767 duos
675 1737 732 1767 hos
755 1739 899 1767 auctores
921 1736 1070 1767 tertium
1092 1737 1123 1766 in
1147 1737 1362 1775 supplemento
1384 1737 1535 1776 adhibuit,
1557 1738 1606 1769 cui
1628 1738 1721 1769 debet
1742 1747 1821 1777 quae
1842 1738 1951 1769 ultimo

219 1795 287 1826 loco
303 1795 392 1826 addit
407 1795 446 1826 de
461 1794 649 1834 protheseon
664 1794 834 1833 parallage,
856 1802 935 1833 quae
958 1803 1018 1825 non
1041 1794 1140 1825 solum
1162 1803 1262 1834 neque
1286 1795 1369 1834 apud
1391 1794 1444 1826 Ch.
1468 1804 1567 1835 neque
1588 1796 1672 1835 apud
1693 1795 1848 1828 Donatum
1870 1804 1951 1828 com-

218 1853 482 1891 memoraturffl),
513 1853 569 1882 sed
592 1852 685 1882 etiam
706 1860 835 1890 prorsus
857 1852 1004 1882 abhorret
1025 1861 1044 1882 a
1065 1852 1185 1883 ratione
1207 1855 1239 1882 et
1261 1852 1385 1890 ordine,
1416 1854 1456 1883 ad
1478 1862 1569 1892 quem
1591 1853 1732 1892 singulae
1753 1853 1949 1892 metaplasmi

216 1910 339 1950 species
360 1910 392 1941 in
413 1909 499 1941 fonte
520 1909 666 1949 primario
687 1909 827 1949 prolatae
849 1912 938 1941 erant
960 1909 1010 1950 (cf.
1033 1918 1130 1949 supra
1149 1919 1178 1949 p.
1196 1910 1257 1951 17).
1299 1909 1331 1941 in
1353 1910 1411 1942 hac
1433 1912 1536 1943 autem
1556 1909 1657 1951 figura
1677 1910 1740 1943 fere
1761 1911 1802 1943 ad
1823 1910 1950 1943 verbum

216 2018 337 2047 latinam
358 2018 474 2046 videtur
495 2018 651 2054 scripsisse,
675 2018 845 2046 Remmius
866 2017 1069 2046 Palaemon?
1090 2017 1121 2045 in
1139 2027 1224 2056 quem
1242 2018 1315 2047 bene
1333 2019 1462 2057 quadrat,
1486 2019 1563 2058 quod
1578 2018 1711 2056 exempla
1725 2019 1894 2058 plerumque
1912 2028 1950 2048 ex

217 2068 339 2104 Vergilii
360 2068 443 2096 libris
464 2068 555 2104 petita
576 2070 651 2102 sunt,
674 2077 737 2095 eum
760 2067 837 2096 hunc
858 2070 971 2104 poetam
993 2068 1028 2096 ab
1050 2068 1100 2096 illo
1123 2067 1239 2104 plurimi
1261 2069 1456 2097 existimatum
1477 2078 1540 2098 esse
1559 2069 1628 2097 inde
1649 2071 1737 2105 patet,
1759 2069 1835 2107 quod
1857 2069 1892 2098 ab
1914 2078 1949 2098 eo

214 2112 319 2153 ‘poeta'
343 2113 406 2144 κατ’
431 2113 531 2152 ἐξοχήν
552 2116 724 2144 nominatur.
767 2116 803 2144 cf.
825 2116 939 2144 Sohoell
959 2116 991 2144 in
1014 2117 1086 2144 Mus.
1109 2117 1203 2144 Rhea.
1225 2126 1252 2145 v.
1269 2119 1316 2151 34,
1338 2126 1366 2153 p.
1383 2120 1442 2145 630
1458 2127 1522 2155 sqq.

341 2166 392 2202 35)
413 2165 559 2203 inspicias,
581 2174 696 2204 quaeso,
717 2165 845 2194 tabulam
866 2175 893 2202 p.
910 2168 958 2195 22.

343 2215 393 2252 36)
416 2215 472 2244 nisi
495 2216 571 2253 quod
592 2216 622 2243 in
646 2216 807 2244 diasreseos
833 2215 1002 2244 definitione
1027 2217 1120 2244 forma
1145 2211 1275 2245 ‘divisae’
1299 2216 1396 2252 potius
1423 2224 1461 2243 ex
1482 2216 1621 2245 dividitur
1642 2216 1776 2252 (Charis.)
1804 2225 1890 2254 quam
1911 2225 1950 2244 ex

213 2259 310 2293 ‘faeta’
334 2264 466 2302 (Donat.)
486 2264 602 2294 videtur
623 2267 687 2293 orta
708 2273 783 2293 esse..

342 2314 393 2352 37)
414 2315 545 2344 Donatus
566 2318 662 2343 autem
683 2314 719 2342 de
740 2315 839 2343 eadem
859 2323 891 2342 re
913 2314 973 2350 agit
993 2314 1024 2342 in
1045 2315 1194 2343 tractando
1215 2314 1384 2344 soloecismo
1404 2324 1433 2351 p.
1449 2317 1517 2350 393,
1534 2317 1593 2343 22.-
