2183 2514
584 278 725 308 Donatus.

447 336 651 374 Anaphora
672 339 728 366 est
747 337 885 366 relatio
908 337 1075 366 eiusdem

232 385 339 413 verbi
355 393 421 421 per
437 385 626 421 principia
639 393 809 414 versuum
824 384 1075 421 plurimorum,

232 433 286 462 uta
303 427 417 469 ὀπτα,
439 442 537 463 meae
558 433 660 464 viros
681 444 718 463 ιιι.
740 444 777 463 ιιι.
798 444 826 471 p.
848 444 870 463 s.

306 485 410 517 nate,
431 483 547 519 patris
568 492 589 511 s.
613 493 641 520 q.
663 486 683 511 t.
706 481 736 511 Τ.
759 479 899 511 temnis’
924 482 1022 519 (Verg.
1039 484 1074 510 A.

363 532 387 565 1,
404 532 464 559 664
477 531 541 569 sq.)-

381 974 572 1012 Epanalepsis
592 977 636 1004 est
656 975 739 1004 verbi
758 975 789 1003 in
811 975 953 1013 principio
975 984 1075 1005 versus

232 1023 321 1060 positi
341 1023 373 1051 in
394 1023 521 1052 eiusdem
544 1024 602 1052 fine
623 1025 768 1060 repetitio,
790 1027 836 1052 ut:

229 1066 332 1101 ‘ante
361 1071 471 1101 etiam
501 1074 689 1109 sceptrum
710 1072 745 1101 D.
768 1082 790 1101 r.
813 1082 837 1101 e.
860 1068 955 1102 ante'
977 1072 1076 1110 (Verg.

231 1120 266 1150 G.
281 1123 310 1157 2,
327 1121 408 1159 536).

609 1269 818 1304 Epizeuxis
839 1271 895 1297 est
916 1269 1076 1297 eiusdem

231 1317 340 1347 verbi
354 1316 392 1346 in
408 1317 529 1347 eodem
544 1326 652 1347 versu
667 1318 743 1347 sine
758 1317 885 1357 aliqua
900 1318 1076 1348 dilatione
1127 1315 1266 1345 otionis
1286 1316 1324 1345 in
1345 1317 1469 1346 eodem
1490 1326 1598 1347 versu
1625 1318 1705 1347 sine
1731 1317 1855 1356 aliqua
1875 1317 1967 1346 dila-

231 1366 529 1403 oongeminatio,
552 1369 606 1396 ut:

230 1411 299 1445 ‘me
313 1424 381 1451 me,
402 1416 527 1444 adsum
541 1426 569 1455 q.
584 1416 604 1445 f.
620 1416 639 1445 i.
655 1426 692 1445 m.
707 1426 730 1445 o.
745 1412 775 1445 f?
797 1416 895 1454 (Verg.
907 1418 942 1445 A.
954 1419 982 1453 9,
994 1417 1075 1455 425).

591 1515 859 1543 Paronomasia
880 1517 935 1544 est
956 1516 1076 1545 veluti

232 1563 405 1600 quaedam
427 1564 695 1598 denominatio,
718 1566 772 1592 ut:

230 1952 327 1987 ‘nam
354 1957 520 1995 inceptio
542 1960 598 1987 est
618 1959 817 1987 amentium
845 1959 932 1988 haut
957 1968 1076 1988 aman-

231 2003 334 2037 tium’
360 2006 487 2044 (Terent.
502 2006 593 2035 Andr.
611 2009 636 2042 1,
653 2004 757 2044 3‚'13).

282 2104 408 2136 floheais
429 2107 584 2134 onomaton
601 2108 646 2135 est
661 2106 815 2135 multitudo
837 2106 987 2135 nominum
1008 2116 1075 2137 oon-

230 2153 396 2184 innetorum
417 2154 543 2193 quodam
563 2154 666 2184 habitu
688 2155 851 2192 copulandi,
873 2158 921 2184 ut:

230 2197 364 2233 ‘Harsa
382 2211 518 2239 manus,
540 2204 696 2241 Peligna
717 2205 799 2241 coh„
822 2205 975 2235 Vestina
994 2215 1022 2236 v.
1037 2201 1075 2235 v.’

118 2260 123 2267 ··
229 2250 320 2290 (nnn.
333 2255 446 2306 ''¹¹²’.8’
461 2253 544 2291 280).

976 178 1286 219 --·46-Δ

1466 278 1628 313 Diomedes.
1708 293 1710 296 ·
1777 294 1789 302 ι»
1821 305 1823 307 ,
1852 291 1892 313 vx

1187 337 1229 365 Do
1243 337 1399 374 anaphora.
1430 336 1631 373 Anaphora
1645 340 1703 366 eat
1715 333 1864 367 rel-tiis.
1869 323 1948 367 effla

1126 384 1201 412 dem
1220 384 1329 413 verbi
1350 387 1414 414 aut
1429 384 1570 414 similis
1591 392 1655 422 per
1674 380 1966 422 prinoip'iavex-
1997 389 2006 397 “

1127 442 1228 462 suum
1249 433 1511 470 plurimorum,
1533 437 1586 463 ut:
1963 440 1965 443 ’

1166 477 1279 516 ‘nate¹
1302 490 1398 510 meae
1418 491 1447 511 v.
1468 491 1506 510 m.
1526 492 1563 510 ιιι.
1584 491 1612 519 p.
1634 491 1656 511 s.

1167 532 1268 566 nate,
1291 529 1416 568 patris
1436 539 1459 560 s.
1475 539 1503 570 q.
1519 533 1540 561 t.
1556 530 1587 561 Τ.
1602 534 1623 562 t
1638 539 1656 561 a
1669 533 1690 561 t.
1708 540 1733 561 o.
1748 539 1774 561 e.
1790 540 1813 561 s.
1828 533 1849 561 t.
1863 539 1893 561 ιι.
1907 540 1936 569 p.

1168 580 1267 617 (Verg.
1279 582 1314 609 A.
1327 582 1352 616 1,
1365 583 1424 609 664
1436 581 1526 620 sqq.);
1546 582 1629 611 item:
1646 603 1653 611 .
1664 602 1672 610 .
1684 603 1692 611 .
1709 581 1756 619 (A.
1769 583 1815 616 12,
1828 581 1865 609 57
1879 580 1965 619 sqq.).

1188 629 1242 657 Est
1262 631 1293 658 et
1312 630 1438 658 secunda
1458 630 1614 667 anaphora.
1655 638 1708 667 per
1728 637 1815 669 quam
1841 625 1965 659 eloout'io
1988 624 1990 626 ’

1127 687 1186 706 ιιοιι
1207 678 1413 708 convenienter
1433 679 1611 717 respondens
1630 679 1666 709 ad
1683 678 1761 710 aliud
1780 678 1905 708 refertur
1920 687 1966 708 oo-

1128 727 1211 762 eulte,
1233 731 1267 756 ut
1287 730 1339 756 est
1351 728 1428 765 apud
1444 728 1611 758 Sallustium
1632 728 1727 766 (Catil.
1740 728 1834 766 18)..
1889 727 1970 763 ,Ιιίσ

1125 771 1170 805 de
1192 771 1257 814 qua’
1277 776 1457 813 intellegitur
1478 778 1514 806 de
1534 777 1741 807 coniuratione.
1963 771 1965 775 ¹
2000 778 2002 780 ’

1188 825 1232 853 De
1260 825 1436 863 epanalepsi
1477 826 1666 865 Epanalepsis
1692 829 1737 856 est
1764 836 1828 856 oum
1858 826 1966 855 maiore

1127 874 1290 911 significatu
1310 875 1387 904 facta
1405 875 1548 912 repetitio,
1570 879 1604 905 ut
1618 879 1663 905 est
1676 876 1708 904 in
1724 875 1847 905 Horatio
1868 876 1967 913 (earm.

1127 924 1167 958 11,
1189 926 1267 958 14,1
1284 924 1338 962 sq.)
1362 946 1368 952 .
1384 946 1391 953 .
1410 946 1417 952 .
1434 946 1440 953 .

1127 976 1157 1002 et
1171 972 1255 1002 aliter
1275 973 1450 1011 epanalepsis
1461 974 1514 1011 fit,
1539 983 1600 1002 cum
1621 975 1714 1002 eadem
1735 975 1821 1003 dictio
1841 979 1870 1002 et
1885 956 1967 1011 prisi-
1975 991 1977 994 »

1127 1023 1228 1057 cz'pium
1250 1031 1345 1049 versus
1366 1026 1394 1049 et
1407 1023 1561 1050 clausulam
1584 1027 1666 1056 tenet,
1691 1027 1722 1050 ut
1737 1018 1852 1060 ’.μαῖα
1892 1030 1967 1059 .pa-
2012 1015 2015 1019 ⁵

1128 1065 1179 1098 τιν’
1200 1070 1267 1108 (ine.
1290 1074 1363 1108 trag.
1384 1081 1411 1100 v.
1430 1073 1489 1100 214
1511 1071 1550 1110 B.)
1579 1074 1609 1101 et
1627 1067 1734 1101 ‘ante
1754 1071 1866 1101 etiam
1887 1079 1967 1101 sce-

1127 1124 1251 1156 ptrum
1272 1120 1309 1149 D.
1325 1130 1347 1148 r.
1365 1130 1389 1149 e.
1412 1117 1507 1150 ante’
1531 1120 1632 1158 (Vei-g.
1648 1120 1681 1149 G.
1699 1123 1726 1156 2,
1745 1120 1818 1158 586)
1838 1123 1869 1149 et
1888 1116 1967 1149 ‘ineo

1127 1169 1210 1197 navis
1231 1178 1256 1197 o.
1272 1169 1378 1205 praeda
1394 1169 1432 1204 8.,
1455 1178 1478 1198 o.
1496 1171 1527 1198 et
1540 1170 1560 1199 i.
1575 1179 1601 1198 e.
1617 1165 1731 1207 praeda'
1752 1169 1822 1208 (cio.
1837 1169 1870 1198 in
1886 1169 1981 1200 Van-‚⁷

1127 1221 1182 1247 aot.
1204 1227 1260 1247 seo.
1283 1218 1316 1254 V,
1338 1218 1384 1253 1⁷,
1402 1221 1450 1248 44.
1480 1219 1516 1248 of.
1538 1217 1659 1249 Quintil.
1678 1219 1732 1255 IX,
1751 1221 1778 1254 8,
1795 1219 1856 1256 34).

1188 1268 1230 1294 De
1250 1268 1390 1303 epz'zeuxi.
1434 1267 1637 1309 Epizeux-is
1658 1270 1714 1297 est
1733 1267 1893 1297 eiusdem
1914 1267 1967 1296 di-

1127 1366 1229 1394 tione
1246 1366 1454 1403 geminatio,
1470 1375 1530 1394 oum
1541 1367 1642 1404 impetu
1652 1367 1900 1404 pronuneaeatt'om’s,
1920 1370 1965 1394 ut.-

1168 1410 1233 1444 ‘me
1254 1424 1321 1450 me,
1344 1415 1465 1444 adsum
1487 1425 1515 1454 q.
1530 1415 1550 1444 f.
1565 1416 1584 1444 i.
1599 1426 1635 1445 m.
1652 1425 1677 1445 e.
1692 1416 1712 1444 f.

1170 1473 1187 1492 o
1209 1464 1244 1493 R.
1260 1473 1296 1492 m.
1311 1464 1346 1493 fr.
1362 1460 1394 1493 οἶ
1419 1464 1517 1502 (Verg.
1531 1467 1568 1494 A.
1584 1468 1611 1501 9,
1628 1467 1686 1494 425
1702 1465 1787 1504 sqq.)-

1191 1514 1232 1541 De
1243 1515 1454 1549 paronomasia.
1500 1515 1756 1544 Paronomasia
1777 1517 1831 1544 est
1851 1513 1968 1543 veluti

1129 1562 1301 1599 quaedam
1330 1562 1588 1599 denominatio,
1621 1572 1686 1592 eum
1713 1562 1896 1602 praecedenti
1916 1571 1968 1591 no-

1129 1611 1200 1639 mini
1222 1614 1272 1640 aut
1292 1612 1413 1641 verbum
1434 1615 1485 1641 aut
1505 1622 1611 1642 nomen
1632 1614 1795 1643 adnectitur
1815 1622 1854 1642 ex
1868 1613 1969 1643 eodem

1129 1661 1268 1697 figurata,
1298 1664 1332 1690 ut
1358 1662 1457 1698 fugam
1484 1662 1573 1699 fugit.
1604 1663 1732 1691 facinora
1759 1662 1843 1697 fecit,
1873 1664 1969 1699 gratu

1129 1710 1244 1747 gratias,
1266 1710 1351 1739 Creta
1371 1711 1486 1740 decreta
1506 1714 1559 1748 est,
1580 1721 1678 1749 pugna
1698 1714 1825 1750 pugnata
1837 1715 1898 1741 'est-

1130 1764 1160 1790 et
1190 1761 1275 1790 aliter
1302 1762 1501 1798 paronomasia
1526 1761 1584 1798 fit,
1623 1771 1683 1790 cum
1715 1762 1800 1790 dictio
1833 1763 1966 1796 iteratur,

1129 1815 1233 1839 mutata
1256 1815 1346 1839 tamen
1369 1815 1419 1838 aue
1433 1811 1529 1839 littera
1551 1816 1602 1839 aut
1620 1811 1742 1848 syllaba,
1766 1808 1902 1850 quotiens
1917 1819 1969 1840 no-

1129 1860 1206 1889 mine
1235 1860 1322 1889 simili
1350 1860 1459 1889 utimur
1484 1860 1516 1888 in
1536 1860 1748 1897 significatione
1777 1860 1904 1895 diversa,
1935 1862 1970 1889 ut

1128 1912 1172 1938 est
1192 1909 1268 1947 apud
1289 1909 1455 1939 Terentium
1476 1909 1579 1947 (Andr.
1598 1913 1622 1946 1,
1638 1912 1665 1946 3,
1684 1910 1750 1948 18):

1127 1954 1220 1987 ‘nam
1241 1959 1402 1996 inceptio
1424 1962 1482 1988 est
1502 1960 1711 1995 amentium,
1738 1960 1827 1988 haut
1847 1968 1965 1988 aman·
1994 1971 1998 1975 >
2052 1953 2056 1979 Ϊ

1127 2004 1241 2043 tium’,
1263 2012 1293 2036 et
1311 2008 1388 2045 apud
1404 2008 1563 2037 Ciceronem
1583 2008 1665 2047 (ji-g.
1688 2018 1725 2037 ex
1744 2018 1787 2037 or.
1810 2009 1863 2037 ine.
1881 2011 1900 2037 4
1920 2008 1963 2037 ed.

1128 2057 1201 2085 Bau.
1219 2058 1275 2085 vol.
1287 2057 1341 2091 ΧΙ,
1359 2057 1435 2094 34).
1475 2078 1482 2086 .
1498 2078 1519 2093 .,
1538 2057 1700 2096 ee(1'bid.).
1752 2058 1848 2093 ‚item
1863 2051 2000 2096 (ibid.).

1168 2107 1210 2134 De
1229 2106 1321 2134 sohesi
1338 2112 1497 2135 onomaton.
1542 2108 1654 2136 Schesis
1676 2112 1822 2136 onomaton
1843 2111 1886 2136 est
1902 2115 1965 2138 eun

1126 2155 1246 2194 singulis
1278 2155 1432 2185 nominibus
1462 2157 1584 2194 epttketa
1618 2158 1765 2186 coniuncta
1795 2161 1876 2192 eunt,
1913 2161 1963 2185 ue.-
1971 2171 1988 2193 l
2043 2190 2048 2199 Ι,

1125 2201 1259 2234 ‘Marsa
1279 2214 1416 2241 manus,
1439 2206 1596 2244 Peligna
1616 2207 1704 2243 coh„
1726 2206 1761 2237 V.
1777 2202 1856 2237 v.v.’
1876 2207 1950 2245 (ΕΜ

1126 2264 1192 2284 ann.
1209 2258 1235 2291 s,
1252 2245 1334 2292 2805.
