2183 2514
997 186 1244 242 ÷40—

252 284 349 322 plum,
371 287 405 314 ut
424 293 455 323 p.
471 284 543 321 444,
561 284 611 314 30.
633 284 704 321 445,
722 284 786 323 (4;)
811 284 858 313 12.
878 284 950 321 447,
974 284 1029 321 11;
1052 284 1101 321 19,
1121 283 1211 314 facile
1231 283 1307 321 quis-
1315 283 1459 322 opinetur
1473 283 1506 313 in
1521 282 1629 314 Scauri
1649 282 1729 314 libro
1750 282 1892 322 exempla
1909 281 2002 332 ῳ-

251 339 421 373 nitionibus
442 339 528 374 nulla
548 338 657 372 addita
677 339 783 372 fuisse.
826 339 908 381 quod
932 341 966 372 ut
986 349 1042 381 per
1057 349 1092 372 se
1106 349 1235 381 prorsus
1250 342 1301 373 est
1313 339 1510 380 incredibile,
1530 339 1576 373 ita
1596 339 1751 381 quomodo
1771 339 1849 373 illud
1870 338 1987 379 factm

253 399 309 436 sit,
330 398 403 429 inde
425 398 611 436 explicatur,
631 398 715 436 quod
736 398 893 436 plerisque
914 398 1006 434 locis,
1028 398 1140 435 quibus
1162 398 1269 428 Scauri
1292 398 1461 428 definitioni
1489 397 1631 435 exempla
1652 405 1714 428 non
1735 397 1881 436 apposita
1900 399 1999 433 sunts

253 452 346 485 huius
368 452 540 485 definitioni
561 453 721 494 praecedit
742 457 774 485 et
795 454 895 486 altera
917 452 1055 486 definitio
1077 463 1115 486 ex
1137 453 1269 486 Charisii
1291 457 1417 487 auctore
1443 457 1569 494 sumpta
1597 456 1628 486 et
1657 453 1829 495 exemplum
1850 452 1987 494 aliquod,
2029 472 2031 475 ·

254 512 337 551 quod
358 511 501 544 Diomedi
523 521 583 543 non
607 512 707 543 solum
729 521 797 543 cum
819 512 960 543 charisio
983 512 1039 543 sed
1062 513 1154 543 etiam
1185 521 1253 543 cum
1275 512 1398 543 Donato
1420 515 1468 543 est
1495 521 1669 550 commune;
1697 512 1895 551 quamobrem
1915 520 1988 551 pro-

253 567 357 599 babile
379 571 428 599 est
449 568 630 599 Diomedem
652 567 793 608 exempla
813 568 897 608 apud
912 568 1062 600 Scaurum
1084 577 1145 600 non
1167 571 1231 600 tam
1253 578 1314 600 non
1336 569 1492 609 reperisse
1506 577 1597 609 quam
1613 568 1652 600 de
1665 567 1820 601 industria
1834 567 1986 614 omisisse,

252 626 306 659 ubi
328 627 411 667 apud
433 635 503 658 eum
524 626 642 658 nullum
663 626 840 658 inveniebat
868 627 954 659 aliud
976 627 1148 666 exemplum
1178 637 1270 666 quam
1298 628 1381 666 quod
1409 628 1500 659 modo
1529 636 1567 658 ex
1587 626 1718 658 Charisii
1748 630 1874 658 auctore
1903 630 1987 658 tran-

254 684 432 722 scripserat.
474 691 554 721 quae
577 683 731 714 sententia
751 683 902 721 probatur
922 684 960 714 iis
983 683 1076 722 locis,
1098 683 1128 714 in
1150 683 1261 722 quibus
1285 683 1426 723 exempla
1441 683 1571 714 duorum
1589 686 1749 714 auctorum
1764 685 1838 714 sunt
1852 682 1985 722 diversa,

253 741 339 774 velut
361 750 384 772 s.
406 740 452 772 tit.
473 736 522 772 ‘de
543 737 732 780 epanalepsi¹
754 743 786 772 et
806 737 854 773 ‘de
876 738 1116 781 paronomasia’,
1139 741 1191 773 ubi
1214 741 1380 773 Diomedes
1402 740 1526 773 exbibet
1553 741 1726 781 exemplum
1753 740 1984 782 utriusquess).

378 798 468 835 Quod
489 807 582 836 porro
603 799 686 836 apud
701 798 855 828 Donatum
872 801 936 828 tres
957 798 1085 836 figurae,
1107 799 1325 836 parhomoeon,
1347 799 1598 836 homoeoptoton,
1619 784 1895 836 homoeoteleuton,
1917 806 1986 829 cum

256 858 362 888 contra
382 854 474 886 huius
496 853 634 886 auctoris
655 863 770 886 morem
793 854 833 886 ad
855 863 993 886 normam
1015 855 1151 887 auctoris
1175 854 1306 887 Charisii
1328 854 1530 894 definiantur,
1558 854 1675 887 Scauro
1702 855 1846 887 videntur
1866 855 1986 888 abiudi-

257 914 374 945 candae
396 921 482 950 esse,
504 914 623 950 tamen,
652 921 719 943 cum
741 913 822 943 duae
844 912 954 943 harum
976 912 1190 943 definitionum
1212 914 1296 951 apud
1319 913 1499 944 Diomedem
1527 913 1596 951 pari
1625 912 1716 943 modo
1746 913 1886 951 prolatae
1914 913 1986 951 sint,

254 973 290 1002 ut
312 968 447 1001 dubitari
468 977 529 1000 non
551 968 665 1008 possit,
687 968 759 1009 quin
780 968 811 1000 in
833 968 918 1001 fonte
940 969 1092 1001 communi
1113 969 1305 1009 exstiterint,
1327 969 1392 1002 fieri
1414 978 1475 1001 non
1496 972 1617 1009 potest,
1638 970 1712 1010 quin
1729 969 1820 1002 etiam
1837 972 1901 1003 tres
1915 969 1988 1003 illas

257 1028 452 1060 definitiones
475 1026 591 1058 Scauro
613 1027 818 1065 vindicemus,
840 1025 1028 1065 praesertim
1055 1037 1123 1058 cum
1151 1028 1241 1058 facile
1271 1028 1491 1066 perspiciatur,
1524 1036 1578 1058 cur
1606 1029 1825 1066 grammaticus
1853 1028 1885 1058 in
1913 1027 1989 1059 defi·

254 1085 359 1118 niendi
381 1084 502 1116 ratione
525 1083 584 1115 sibi
606 1092 667 1115 non
690 1084 872 1116 constiterit.
923 1094 960 1116 ex
988 1093 1057 1116 mea
1087 1084 1167 1116 enim
1197 1084 1353 1117 sententia
1374 1084 1509 1116 Scaurus
1531 1085 1562 1116 in
1585 1084 1767 1117 definiendis
1795 1085 1895 1117 tribus
1923 1084 1986 1117 illis

252 1143 361 1182 figuris
391 1143 453 1172 alia
480 1142 580 1171 forma
606 1144 772 1179 propterea
802 1150 877 1172 usus
907 1145 972 1179 est,
1000 1142 1083 1180 quod
1105 1142 1254 1172 vocabula
1282 1150 1394 1180 graeca
1421 1139 1664 1181 'parhomoeon',
1692 1139 1987 1179 ‘homoeoteleuton’,

256 1195 515 1238 ‘homoeoptoton’
543 1198 576 1229 in
602 1198 741 1237 linguam
762 1198 890 1229 latinam
912 1203 1033 1230 vertere
1055 1198 1209 1229 difficilius
1232 1202 1281 1229 est
1302 1208 1393 1237 quam
1414 1199 1496 1237 quod
1518 1199 1599 1238 aptis
1629 1199 1803 1230 nominibus
1832 1207 1911 1237 quae
1932 1207 1987 1229 vo—

259 1259 370 1288 cantur
399 1254 603 1286 substantivis
630 1254 696 1285 fieri
726 1255 897 1294 possit⁶⁷).
949 1263 1029 1294 quae
1058 1263 1126 1285 cum
1147 1254 1193 1286 ita
1214 1255 1290 1293 sint,
1321 1255 1425 1286 omnia
1454 1263 1533 1294 quae
1553 1254 1696 1286 Diomedi
1724 1263 1792 1286 cum
1814 1254 1936 1287 Donato
1957 1254 1990 1286 in

257 1312 447 1354 explicandis
470 1311 684 1351 metaplasmis
700 1312 970 1351 schematibusque
986 1312 1158 1343 communia
1173 1315 1260 1350 sunt,
1282 1312 1451 1343 tribuemus
1467 1313 1583 1343 Scauro
1605 1313 1747 1352 (excepta
1761 1313 1875 1343 Donati
1890 1312 1992 1344 altera

256 1371 411 1411 syllepsos
433 1368 611 1400 definitione
633 1369 740 1408 spuria
751 1370 809 1408 ⁶⁸).
852 1372 945 1408 atque
974 1378 1042 1400 cum
1069 1378 1161 1408 porro
1183 1369 1324 1400 Donatus
1354 1371 1384 1400 et
1406 1369 1586 1408 Diomedes,
1616 1369 1668 1401 ubi
1689 1369 1902 1409 consentiunt,
1922 1368 1988 1409 ple-

255 1438 384 1469 rumque
405 1427 589 1460 conveniant
610 1427 651 1459 ad
672 1427 799 1459 verbum
813 1446 853 1450 ——
875 1428 957 1459 unde
978 1428 1079 1459 elucet
1100 1437 1161 1459 non
1184 1427 1284 1459 solum
1307 1428 1413 1460 Scauri
1435 1428 1606 1459 doctrinam
1628 1428 1684 1460 sed
1702 1428 1797 1460 verba
1816 1428 1886 1468 ipsa
1902 1428 1988 1468 apud

255 1496 309 1517 eos
332 1489 458 1516 servata
479 1485 608 1522 essen)
631 1502 685 1521 —,
714 1488 745 1514 et
772 1494 839 1514 cum
870 1485 1036 1514 Diomedes
1059 1484 1166 1514 Scauri
1194 1484 1389 1514 definitiones
1420 1493 1515 1522 saepe
1542 1493 1611 1514 cum
1641 1484 1710 1515 aliis
1741 1484 1927 1523 confuderit,
1957 1484 1990 1515 in

378 1642 428 1678 66)
452 1650 623 1679 quamquam
645 1649 666 1668 s.
690 1643 710 1668 t.
732 1635 776 1668 ‘de
798 1636 1004 1677 paronomasia’
1032 1641 1194 1678 exemplum
1224 1640 1440 1676 Terentianum,
1470 1650 1534 1669 cum
1563 1641 1639 1678 apud
1667 1640 1845 1670 Sacerdotem
1875 1650 1990 1680 quoque

252 1695 365 1728 redeat,
394 1692 482 1721 etiam
511 1691 677 1719 Cominiano
707 1694 803 1726 potest
831 1691 937 1719 deberi.
987 1701 1022 1719 ne
1053 1692 1118 1728 quis
1148 1701 1216 1719 vero
1245 1691 1411 1718 Diomedem
1440 1695 1553 1719 secutus
1579 1692 1633 1719 hoc
1662 1692 1825 1727 exemplum
1853 1695 1937 1727 putet
1956 1692 1988 1719 in

252 1742 352 1770 Scauri
373 1740 573 1768 definitionem
600 1748 716 1773 prorsus
744 1748 801 1766 non
834 1740 990 1775 quadrare,
1018 1740 1191 1766 monendum
1213 1742 1271 1772 est,
1301 1740 1376 1775 quod
1406 1739 1558 1767 Diomedes
1586 1739 1783 1767 definitionem
1805 1739 1989 1767 Scaurianam

254 1801 318 1822 cum
350 1788 423 1825 alia,
452 1788 569 1818 aliunde
601 1787 705 1826 petita,
733 1787 774 1817 ita
796 1787 962 1824 coniunxit,
990 1792 1023 1818 ut
1050 1789 1149 1818 Scauri
1174 1788 1336 1818 definitioni
1364 1788 1445 1818 illata
1473 1789 1511 1818 sit
1539 1790 1632 1824 notio,
1647 1800 1735 1830 *quae
1767 1791 1802 1818 ab
1824 1800 1857 1818 ea
1886 1790 1981 1818 aliena

254 1845 307 1869 est.
350 1838 569 1876 paronomasian
590 1840 684 1865 autem
706 1838 794 1865 variis
815 1838 878 1865 fieri
903 1839 995 1865 modis
1022 1839 1105 1866 docet
1130 1839 1187 1865 iam
1209 1838 1377 1865 Cornificius
1403 1839 1439 1865 ad
1460 1838 1588 1866 Herenn.
1606 1839 1657 1871 IV,
1679 1841 1727 1872 21,
1750 1841 1802 1871 29;
1830 1839 1865 1866 cf.
1894 1837 1981 1865 etiam

252 1887 375 1920 Quintil.
392 1887 448 1923 IX,
471 1889 498 1922 3,
521 1889 569 1916 66.

380 1938 431 1974 67)
454 1938 490 1966 cf.
513 1937 618 1966 cornis.
641 1937 678 1965 ad
699 1937 769 1965 Her.
785 1937 837 1970 IV,
860 1939 914 1970 20,
938 1939 992 1965 28:
1021 1932 1169 1965 ‘Similiter
1191 1937 1333 1965 cadens
1354 1937 1505 1965 exornatio
1526 1933 1695 1973 appellatur’
1717 1946 1741 1965 e.
1765 1947 1792 1974 q.
1815 1946 1836 1964 s.
1860 1939 1890 1964 et
1910 1936 1980 1965 ibid.

252 1984 402 2016 ‘Similiter
423 1986 602 2015 desinens
624 1988 668 2015 est
688 1982 758 2015 cum’
782 1995 807 2014 e.
829 1995 856 2024 q.
878 1995 901 2014 s.
944 1986 979 2014 cf.
1002 1984 1125 2015 Quintil.
1141 1985 1196 2020 IX,
1218 1988 1245 2021 3,
1268 1986 1399 2014 75-78.

379 2036 431 2075 68)
454 2037 491 2065 cf.
512 2035 603 2065 Keilii
624 2036 720 2065 adnot.
743 2035 806 2064 crit.
827 2036 864 2064 ad
885 2035 989 2065 Donat.
1011 2046 1039 2073 p.
1059 2036 1127 2071 397,
1151 2038 1203 2064 26:
1224 2031 1303 2064 ‘item
1325 2052 1366 2056 —
1389 2037 1427 2063 2⁹
1449 2034 1532 2064 lactis
1553 2045 1607 2065 om.
1628 2035 1669 2071 L,
1690 2035 1784 2064 deleta
1804 2037 1871 2064 sunt
1890 2035 1922 2063 in
1944 2030 1989 2069 P’;
2030 2046 2035 2050 ·

252 2089 341 2125 atque
363 2086 591 2120 animadvertas,
620 2085 697 2122 qnod
717 2085 794 2121 apud
815 2084 961 2113 Donatum
982 2087 1129 2121 praeterea
1150 2094 1291 2123 nusquam
1318 2085 1391 2112 duae
1413 2083 1541 2111 eiusdem
1562 2084 1669 2120 figurae
1690 2083 1873 2112 definitiones
1893 2093 1991 2121 reper-

251 2135 362 2165 iuntur.

377 2184 430 2223 69)
453 2194 624 2223 quamquam
648 2184 739 2220 igitur
766 2184 889 2213 Scaurus
910 2184 942 2213 in
963 2184 1037 2213 libro
1064 2179 1110 2212 ‘de
1131 2179 1345 2220 orthographia'
1371 2193 1399 2220 p.
1419 2184 1435 2213 7
1465 2179 1525 2221 (¹'ut
1552 2186 1694 2212 testantur
1720 2182 1929 2218 μεταπλασμοί,
1957 2183 1992 2211 in

253 2234 360 2273 quibus
376 2237 426 2277 ρει
446 2232 588 2262 eiusmodi
609 2233 783 2270 syllabarum
804 2232 946 2268 diductio,
975 2235 1009 2261 ut
1027 2228 1126 2270 ‘pictai
1146 2228 1244 2261 vestis'
1265 2235 1295 2261 et
1313 2227 1398 2261 ‘aulai
1420 2228 1520 2260 medio'
1545 2240 1597 2269 pro
1617 2227 1727 2272 'fpictae'
1751 2235 1781 2260 et
1800 2226 1917 2268 ‘aulae’)
1937 2226 1992 2260 ‘di-

252 2278 359 2313 ductio’
382 2282 523 2312 vocabulo
543 2280 596 2320 pro
616 2277 765 2311 ‘discissio’
786 2281 903 2319 (Donat.
925 2284 955 2310 et
974 2281 1119 2325 Diomed.)
1145 2281 1237 2310 utitur
1265 2284 1295 2310 et
1323 2290 1381 2310 non
1408 2280 1570 2318 exemplum
1597 2280 1762 2310 Ennianum
1783 2281 1861 2319 (ann.
1881 2283 1906 2316 1,
1927 2280 1991 2319 ⁸4),

2167 444 2172 454 ἦ
2178 451 2183 461 ι

2130 475 2158 494 -Lic

2116 505 2124 512 α
2138 497 2164 521 κζ..

2126 574 2128 576 ’
2147 566 2183 600 ’ἶζέ

2143 614 2146 619 «
2156 599 2183 623 ’.[ἑέ

2131 626 2133 628 ’
2152 623 2153 627 ’
2169 618 2183 649 ,ἒ
