2183 2514
593 294 732 323 Donatus.

589 352 748 389 Zeugma
768 353 827 380 est
847 351 956 379 unius
976 350 1083 380 verbi

241 402 441 433 conclusio
472 402 641 431 diversis
670 400 855 430 clausulis
885 402 968 438 apte
999 409 1084 428 con-

239 452 388 487 iuncta,
408 453 458 480 ut:

302 495 527 537 'Troiugena
554 499 747 537 interpres
775 499 900 528 divum
929 498 990 538 qui
1018 508 1085 527 nu-

240 556 345 578 mena
365 548 506 578 Phoebi
536 549 606 580 Qui
628 548 801 586 tripodas
829 548 928 577 Clari
958 548 1085 577 lauros

241 608 269 637 q.
292 607 314 628 s.
336 593 368 627 s.'
388 601 419 628 et
439 600 536 628 cetera
557 598 656 636 (Verg.
673 599 708 626 Δ.
726 599 753 633 3,
771 597 852 634 359).

301 1239 547 1278 Hypozenxis
568 1242 625 1268 est
645 1239 770 1275 figura
791 1240 980 1276 superiori
1000 1249 1082 1268 con—

238 1289 370 1324 traria,
399 1288 462 1317 ubi
484 1288 634 1317 diversa
654 1289 767 1317 verba
795 1288 961 1323 singulis
983 1289 1083 1317 clau—

238 1337 325 1367 sulis
346 1337 614 1373 subiunguntur,
636 1339 686 1365 ut:

304 1382 429 1423 ‘regem
455 1386 527 1414 adit
555 1388 589 1414 et
609 1386 685 1422 regi
706 1389 869 1414 memorat
889 1394 1081 1423 nomenque

238 1430 428 1473 genusque’
450 1437 480 1463 et
500 1439 596 1463 cetera
617 1434 715 1471 (Verg.
731 1436 766 1462 A.
788 1436 831 1469 10,
853 1434 931 1472 149).

300 1483 477 1522 Syllepsis
510 1487 562 1513 est
596 1483 821 1513 dissimilium
853 1483 1080 1513 clausularum

236 1542 297 1570 per
322 1542 425 1562 unum
446 1533 588 1562 verbum
616 1533 861 1569 conglutinata
890 1533 1079 1570 conceptio,

236 1585 288 1612 ut:
308 1577 379 1611 ‘hic
399 1581 500 1611 illius
522 1590 625 1617 arma,
648 1582 715 1610 Hic
735 1591 856 1611 currus
877 1578 959 1611 fuit'
980 1582 1079 1620 (Verg.

236 1633 273 1661 A.
293 1634 318 1667 1,
339 1631 397 1669 16).
440 1631 495 1659 hoc
512 1630 627 1659 schema
647 1631 689 1659 ita
709 1630 767 1659 late
788 1633 876 1667 patet,
897 1633 930 1660 ut
951 1630 1014 1659 fieri
1036 1641 1080 1660 so-

235 1680 295 1710 leat
322 1689 382 1709 non
412 1679 505 1709 solum
533 1688 586 1717 per
608 1682 705 1717 partes
732 1680 872 1709 orationis
900 1680 950 1709 sed
976 1683 1006 1710 et
1028 1689 1082 1718 per

236 1730 397 1760 accidentia
416 1730 549 1767 partibus
571 1730 740 1759 orationum.

299 1877 552 1914 Anadiplosis
566 1879 625 1905 est
642 1878 924 1913 congeminatio
942 1878 1081 1906 dictio·

237 1926 295 1955 nis
324 1934 370 1955 ex
397 1925 529 1955 ultimo
558 1925 642 1955 loco
670 1926 929 1963 praecedentis
949 1936 1082 1956 versus

236 1977 274 2006 οι
293 1975 491 2014 principio
513 1975 726 2014 sequentis,
748 1977 801 2004 ut:

342 2020 537 2063 ‘sequitur
557 2024 835 2061 pulcherrimus
857 2026 978 2060 Astur,

299 2074 415 2103 Astur
435 2082 528 2112 equo
549 2068 683 2102 fidens’
705 2073 803 2111 (Verg.
819 2075 853 2102 A.
876 2075 921 2109 10,
941 2073 1020 2112 180).

1472 291 1634 321 Diomedes.

1197 351 1238 378 De
1259 354 1413 388 zeugmate.
1458 349 1617 387 Zeugma
1643 352 1701 379 est
1727 349 1839 379 unius
1865 337 1974 402 {dcxl-bi
2019 340 2040 344 ,.

1136 399 1329 428 conclusio
1359 400 1519 429 diversis
1546 394 1733 428 ‘clausulis
1765 401 1973 434 coniuncta,

1134 448 1164 476 id
1186 451 1231 477 est
1251 457 1316 477 cum
1337 449 1393 477 duo
1415 451 1465 478 aut
1478 448 1617 486 conplura
1631 448 1668 477 ad
1681 457 1768 477 unam
1784 449 1896 486 partem
1910 457 1975 477 ora-

1134 497 1224 531 tionis
1243 498 1390 536 iungenda
1409 498 1582 527 referuntur.
1623 497 1709 527 huius
1736 500 1832 527 autem
1860 497 1974 527 conclu-

1135 546 1224 575 sionis
1246 547 1396 577 diversitas
1424 547 1517 577 tribus
1537 547 1609 577 locis
1629 547 1724 585 posita
1743 547 1895 577 indicatur.
1937 546 1973 576 fit

1135 596 1212 624 enim
1233 599 1284 625 aut
1304 605 1369 625 cum
1388 597 1576 634 praeponitur
1589 606 1679 626 unuin
1692 597 1821 632 verbum,
1843 597 1878 625 ad
1896 595 1975 635 quod

1136 648 1289 684 sequentes
1310 655 1411 675 sensus
1432 646 1629 682 conferantur,
1649 648 1683 676 ut
1704 648 1763 676 esti
1784 667 1791 675 .
1815 668 1821 675 .
1845 668 1851 674 .
1874 667 1882 675 .
1903 644 1973 682 (cie.

1135 704 1187 732 pro
1203 695 1314 725 Cluent.
1335 698 1361 731 6,
1382 698 1426 724 15.
1449 695 1484 724 cf.
1507 695 1630 727 Quintil.
1644 695 1698 731 IX,
1718 697 1745 731 3,
1763 695 1823 734 62),
1845 697 1896 725 aut
1909 704 1973 724 cum

1134 744 1165 772 in
1187 744 1281 773 medio
1303 753 1438 774 sensuum
1459 745 1522 774 loco
1544 745 1670 782 positum
1689 745 1840 782 reperitur,
1861 746 1895 774 ιιι
1915 745 1972 773 est:

1133 788 1305 830 ‘Troiugena
1325 794 1469 831 interpres
1492 795 1518 822 d.
1541 804 1569 833 q.
1590 804 1618 823 n.
1634 794 1688 822 Ph.
1717 794 1767 832 qui
1788 796 1824 823 tr.
1839 793 1881 823 cl.
1902 793 1921 822 l.
1944 802 1973 831 q.

1135 853 1156 872 s.
1179 843 1269 872 sentis
1298 846 1327 872 et
1349 865 1356 871 .
1379 866 1385 872 .
1408 864 1415 872 .
1437 840 1555 881 pinnae'
1587 844 1686 881 (Verg.
1705 846 1741 872 Δ.
1758 847 1790 879 8,
1809 846 1867 872 35⁹
1884 842 1974 883 sqq.);

1133 888 1241 921 ‘sentis'
1276 893 1352 920 enim
1381 893 1502 921 verbum
1533 895 1591 921 tam
1621 893 1721 930 primis
1750 902 1836 931 quam
1863 893 1974 922 ultimis

1133 942 1263 977 iungitur
1277 944 1307 970 et
1323 941 1359 970 ob
1375 941 1405 969 id
1418 950 1619 979 mesozeugma
1632 942 1810 976 nominatum
1830 945 1880 971 aut
1894 944 1972 971 certe

1133 1000 1198 1019 cum
1219 1000 1277 1018 uno
1299 991 1387 1018 verbo
1409 999 1510 1019 sensus
1531 991 1683 1027 conplures
1698 991 1861 1026 cluduntur,
1882 994 1916 1020 ut
1929 995 1975 1020 est

1134 1039 1311 1067 'hillianumz
1334 1060 1341 1067 .
1360 1061 1367 1068 .
1384 1061 1390 1067 .
1415 1039 1458 1075 (in
1479 1039 1561 1068 Catil.
1579 1040 1604 1075 1,
1626 1042 1648 1075 1,
1670 1040 1712 1077 1);
1734 1040 1875 1070 conclusit
1895 1040 1972 1068 enim

1133 1099 1190 1118 uno
1212 1089 1301 1118 verbo
1320 1084 1498 1124 ‘moverunt',
1519 1090 1595 1118 unde
1617 1089 1817 1127 hypozeugma
1838 1089 1950 1119 dicitur.

1196 1140 1236 1167 De
1264 1138 1434 1175 hypozeuxi.
1478 1139 1658 1176 Hypozeumlr
1687 1144 1730 1167 est
1756 1148 1816 1167 cum
1843 1139 1973 1176 eingzdae

1133 1198 1178 1216 res
1199 1192 1249 1216 aut
1265 1188 1393 1226 personis
1412 1187 1589 1217 subiciuntur
1611 1193 1662 1217 aut
1682 1188 1782 1223 verbis,
1807 1193 1853 1217 ul.-

1195 1234 1324 1275 ‘regem
1345 1238 1418 1266 adit
1438 1241 1472 1267 et
1491 1238 1564 1275 regi
1585 1242 1748 1268 memorat
1773 1247 1893 1268 nomen
1915 1239 1972 1267 de·

1133 1297 1265 1325 cusque
1288 1287 1413 1325 quidve
1434 1290 1531 1324 petat
1550 1309 1556 1316 .
1579 1309 1586 1316 .
1609 1309 1616 1316 .
1637 1284 1735 1317 ferit’
1757 1288 1854 1325 (Verg.
1871 1290 1905 1317 Δ.
1925 1290 1973 1324 10,

1136 1336 1319 1373 149—154).
1361 1336 1577 1373 hypozeuxis
1597 1339 1661 1372 est,
1689 1340 1727 1366 ιιι
1748 1337 1894 1366 Scaurus
1915 1337 1971 1372 ait,

1132 1385 1246 1421 figura
1268 1385 1447 1421 superiori
1464 1386 1649 1420 contraria,
1671 1386 1728 1414 ubi
1746 1385 1883 1414 diversa
1896 1395 1970 1415 ver-

1132 1434 1173 1462 ba
1196 1433 1347 1470 singulis
1368 1434 1570 1471 iunguntur.

1194 1482 1384 1521 Syllepsis
1422 1487 1479 1513 est
1512 1484 1753 1513 dissimilium
1784 1494 1902 1514 rerum
1937 1488 1974 1514 et

1133 1532 1385 1562 clausularum
1407 1542 1471 1570 per
1491 1542 1598 1561 unum
1619 1534 1763 1562 verbum
1785 1534 1971 1571 congluti-

1133 1585 1219 1611 nata
1240 1582 1450 1618 conceptio.

1195 1632 1235 1658 De
1255 1631 1382 1667 syllepsi.
1427 1631 1564 1668 Syltepsis
1584 1636 1627 1659 est
1647 1632 1811 1669 conceptio,
1832 1642 1894 1661 cum
1914 1634 1971 1661 sin-

1130 1680 1243 1719 gularis
1264 1679 1349 1709 dictio
1374 1680 1486 1718 plurali
1509 1680 1591 1709 verbo
1618 1681 1665 1711 vel
1685 1682 1838 1719 posteriori
1859 1685 1972 1713 tantum

1132 1731 1180 1760 vel
1201 1731 1302 1760 ultimo
1323 1731 1466 1765 redditur,
1494 1734 1528 1760 ut
1555 1734 1614 1760 est:
1643 1726 1716 1759 ‘hic
1736 1731 1847 1761 illius
1867 1741 1971 1767 arma,

1132 1781 1193 1810 hic
1214 1789 1344 1809 currus
1365 1776 1449 1808 fuit'
1475 1779 1574 1817 (Verg.
1593 1781 1627 1808 Δ.
1649 1782 1681 1816 1,
1702 1779 1760 1818 16).
1805 1782 1886 1809 item.-
1912 1802 1919 1809 .
1937 1802 1944 1809 .
1962 1802 1969 1809 .

1132 1831 1231 1867 (Ver-g.
1250 1831 1285 1858 B.
1307 1832 1332 1863 1,
1354 1831 1390 1857 81
1407 1829 1475 1867 ιφ).

1194 1880 1235 1906 De
1256 1878 1422 1914 unadz'plosi.
1453 1878 1638 1914 Anudae'plosis
1654 1883 1696 1906 est
1709 1888 1769 1906 cum
1785 1879 1881 1907 ulu'ma
1892 1880 1972 1916 prio-

1132 1929 1175 1956 ris
1196 1937 1292 1956 versus
1313 1927 1399 1955 dictio
1422 1928 1503 1955 initio
1524 1929 1663 1965 sequentis
1684 1929 1820 1964 iteratur,
1852 1934 1884 1957 ut
1901 1925 1972 1959 ‘se-

1134 1978 1263 2016 quitur
1284 1976 1560 2014 pulcherrimus
1578 1979 1699 2015 Astyr,

1165 2029 1281 2064 Astyr
1301 2035 1392 2064 equo
1414 2022 1550 2055 fidens’
1576 2026 1726 2063 (Verg.A.
1749 2029 1793 2063 10,
1816 2030 1872 2056 180
1887 2028 1943 2066 sq.)

1134 2075 1369 2112 anadiplosis
1399 2077 1456 2104 est
1485 2075 1760 2112 congeminatio
1789 2077 1973 2106 dictionis

1135 2133 1177 2152 ex
1193 2125 1327 2153 ultimo
1349 2124 1431 2153 loco
1453 2125 1714 2161 praecedentis
1734 2128 1771 2154 et
1785 2125 1972 2163 principio

1134 2173 1337 2212 sequentis.
