2183 2514
148 325 265 360 ostiam
293 323 458 357 undatim
482 333 589 357 verum
609 332 649 355 ne
669 323 728 355 has
749 322 872 362 quidem
893 323 1062 355 varietates
1088 331 1194 354 omnes
1221 309 1453 361 persequendas
1475 321 1625 360 putarim,
1657 320 1736 352 satis
1758 324 1807 352 est
1827 329 1883 360 po·

142 382 255 414 *suisse
275 381 406 421 aliquas,
426 389 484 420 per
503 389 582 420 quas
605 383 637 411 et
657 383 780 412 ceterae
801 380 995 419 colligantur.

274 438 325 471 22.
356 437 441 478 Serg.
457 437 537 478 expl.
558 437 629 477 560,
646 437 700 470 19:
723 436 883 470 Scaurus
903 437 963 469 hoc
984 436 1093 469 ordine
1113 436 1220 476 posuit
1241 435 1543 468 coniunctiones
1566 434 1775 475 copulativas:
1799 437 1831 466 et
1848 436 1882 466 at
1968 435 2006 460 D·

148 500 246 536 atque
265 497 359 527 immo
380 499 431 527 ast
451 504 502 533 ac:
524 495 726 526 disiunctivas
748 495 806 526 sic:
828 498 883 526 aut
903 505 941 526 ve
962 495 1011 526 vel
1033 503 1090 525 nec
1110 504 1226 533 neque;
1248 494 1419 532 expletivae
1435 493 1596 524 Scaurus
1614 493 1659 523 sic
1675 493 1793 531 posuit:
1814 492 1883 530 qui-

149 553 222 586 dem
236 551 379 595 equidem
397 560 519 592 quoque
534 555 637 584 autem
652 554 754 584 tamen
769 560 876 592 porro;
898 550 1056 584 causales:
1077 551 1105 583 si
1121 551 1181 583 etsi
1202 549 1326 582 etiamsi
1348 552 1413 582 tam
1434 549 1561 581 tametsi
1583 549 1736 590 siquidem
1757 548 1882 588 quando

150 610 397 651 quandoquidem
419 609 493 649 quin
514 609 682 649 quinetiam
704 607 847 641 sinetiam
868 609 934 641 sive
950 618 1007 640 seu
1028 609 1076 640 sin
1098 618 1170 640 nam
1191 617 1324 648 namque
1343 608 1376 639 ni
1392 607 1454 639 nisi
1474 607 1564 639 nisisi
1586 608 1666 639 enim
1690 606 1803 638 etenim
1825 607 1883 638 sed

150 670 315 708 praeterea
339 665 537 707 quamobrem
563 667 745 707 praesertim
767 676 859 707 quam
880 667 1021 707 quamvis
1042 666 1173 707 proinde
1194 666 1298 697 saltim
1320 665 1465 697 videlicet
1492 665 1566 697 item
1587 665 1723 704 itemque
1745 667 1881 695 ceterum

151 724 286 766 alioquin
300 727 467 764 propterea
480 733 566 756 sane.
609 724 769 756 Scaurus
785 725 955 756 rationales
971 725 1016 756 sic
1031 724 1150 763 posuit:
1172 733 1247 763 ergo
1267 723 1365 762 igitur
1379 723 1425 754 ita
1439 723 1545 762 itaque
1561 723 1717 754 enimvero
1732 722 1806 761 quia
1820 731 1882 761 qua

150 783 340 821 quapropter
365 781 480 821 quippe
507 781 651 821 quoniam
679 781 948 821 quoniamquidem
977 781 1048 812 ideo
1077 781 1192 811 idcirco
1221 780 1340 811 scilicet
1360 782 1524 819 quatenus.
1565 779 1666 819 figura
1687 782 1736 810 est
1756 779 1787 809 in
1810 787 1881 809 con·

149 839 367 877 iunctionibus,
389 848 450 879 qua
471 842 610 878 apparet,
631 843 733 869 utrum
754 839 910 878 simplices
932 840 995 870 sint
1015 839 1245 870 coniunctiones
1267 847 1307 869 an
1329 838 1535 877 compositae:
1556 838 1728 877 simplices,
1750 840 1785 867 ut
1806 846 1881 875 quo-

150 895 247 934 niam;
269 896 466 935 compositae,
486 896 753 935 quoniamquidem
774 896 1031 936 quandoquidem.
1059 896 1135 927 ordo
1152 895 1248 927 estin
1265 894 1542 933 coniunctionibus,
1564 903 1624 934 quo
1646 897 1779 934 apparet
1800 902 1879 933 quae

150 953 300 992 praeponi
316 956 435 984 tantum
449 953 559 992 possit,
580 955 616 984 ut
630 962 701 984 nam
723 954 865 992 equidem
886 954 993 992 igitur;
1016 962 1095 992 quae
1117 952 1263 991 subiungi
1283 955 1414 991 tantum,
1436 955 1471 983 ut
1486 952 1567 983 enim
1582 961 1642 991 que
1657 955 1778 989 autem;
1800 961 1881 990 quae

148 1010 299 1050 praeponi
317 1013 349 1043 et
363 1010 516 1051 subiungi,
539 1012 572 1042 ut
593 1013 632 1042 et.
674 1011 824 1051 quaedam
847 1013 950 1042 autem
972 1010 1212 1049 coniunctiones,
1233 1010 1279 1042 ita
1299 1013 1335 1042 ut
1354 1010 1612 1050 praepositiones,
1633 1018 1702 1042 cum
1724 1009 1880 1041 adverbiis

150 1067 388 1107 confunduntur,
410 1069 533 1108 quando
556 1068 636 1100 enim
658 1071 731 1100 ante
751 1071 832 1109 post.

273 1126 322 1157 23.
353 1125 438 1164 Serg.
455 1126 534 1165 expl.
548 1126 618 1164 562,
635 1127 667 1157 l:
691 1126 849 1157 Scaurus
870 1125 1188 1165 praepositiones
1210 1125 1377 1157 accusativi
1399 1133 1491 1156 casus
1514 1125 1559 1156 sic
1580 1124 1699 1164 posuit:
1721 1133 1779 1164 per
1793 1125 1877 1164 apud
1967 1128 2004 1151 D·

149 1182 300 1213 adversus
321 1183 370 1212 uls
391 1183 432 1213 ad
453 1191 551 1220 usque
573 1191 654 1221 pone
676 1192 772 1221 supra
798 1186 906 1213 contra
932 1183 977 1212 cis
1005 1183 1082 1212 citra
1108 1182 1192 1212 ultra
1220 1183 1331 1214 subtus
1356 1191 1454 1221 prope
1480 1183 1567 1212 iuxta
1594 1182 1708 1212 circum
1737 1182 1777 1212 ob
1804 1169 2080 1212 antem

150 1238 320 1269 secundum
341 1241 467 1277 praeter
487 1242 615 1277 propter
635 1239 717 1270 intra
738 1239 820 1270 circa
840 1242 928 1270 extra
948 1241 1021 1277 post
1041 1238 1123 1269 inter
1143 1248 1219 1277 erga
1240 1239 1319 1270 clam
1339 1241 1427 1269 trans
1448 1247 1560 1277 penes,
1582 1242 1617 1269 ut
1637 1247 1694 1277 per
1715 1239 1880 1276 hominem,

149 1295 235 1335 apud
255 1295 497 1335 grammaticum,
518 1288 669 1329 adversus
684 1296 778 1336 leges,
800 1296 849 1329 uls
864 1296 1064 1336 provinciam,
1084 1296 1125 1328 ad
1140 1287 1400 1336 amicumjusque
1414 1297 1552 1335 Romam,
1573 1305 1654 1336 pone
1668 1296 1760 1335 fores,
1782 1305 1880 1335 supra

149 1359 269 1391 regem,
289 1355 397 1384 coniza
418 1352 482 1391 ius,
504 1352 548 1384 cis
570 1352 718 1392 Galliam,
739 1353 818 1385 citra
839 1353 961 1391 sedem,
982 1353 1065 1384 ultra
1085 1352 1247 1391 familiam,
1269 1352 1379 1384 subtus
1400 1352 1520 1393 iugum,
1542 1361 1640 1393 prope
1661 1352 1770 1392 finem,
1791 1353 1879 1384 iuxta

149 1411 293 1449 montem,
314 1409 428 1442 circum
449 1412 581 1450 portum,
602 1410 642 1442 ob
656 1410 807 1450 iniuriam,
829 1413 902 1443 aute
916 1410 1035 1450 aedem,
1056 1410 1224 1443 secundum
1239 1419 1334 1450 mare,
1355 1413 1480 1451 praeter
1494 1420 1591 1451 spem,
1612 1414 1740 1451 propter
1756 1420 1879 1451 aquam,

149 1467 234 1499 intra
254 1475 377 1506 annum,
398 1467 479 1499 circa
499 1468 659 1507 rationem,
679 1471 766 1500 extra
788 1469 919 1510 bortum,
939 1471 1012 1508 post
1033 1477 1156 1507 annum,
1176 1469 1258 1500 inter
1280 1469 1399 1508 domos,
1420 1477 1497 1508 erga
1516 1477 1581 1500 rem
1602 1468 1768 1508 publicam,
1789 1472 1878 1501 trans

150 1524 292 1563 fluvium,
321 1533 411 1556 secus
440 1528 575 1564 portum,
606 1526 685 1557 clam
714 1534 848 1557 uxorem.
890 1525 1017 1556 ablativi
1044 1534 1136 1557 casus
1162 1528 1236 1557 sunt
1256 1525 1332 1557 hae:
1363 1535 1384 1557 a
1404 1526 1445 1557 ab
1466 1526 1524 1558 abs
1550 1526 1590 1557 de
1620 1535 1637 1557 e
1659 1535 1697 1557 ex
1718 1535 1775 1566 pro
1801 1535 1879 1566 prae

149 1591 218 1614 cum
240 1582 307 1615 sine
327 1585 419 1616 tenus
440 1592 543 1615 coram
564 1583 681 1623 palam,
709 1586 744 1615 ut
765 1593 784 1615 a
806 1583 888 1622 solo,
910 1583 949 1615 ab
971 1583 1060 1622 urbe,
1081 1584 1121 1615 de
1142 1584 1250 1623 domo,
1272 1593 1289 1615 e
1311 1584 1399 1623 villa,
1421 1594 1459 1616 ex
1480 1585 1601 1623 ordine,
1623 1594 1680 1624 pro
1700 1585 1782 1623 iure,
1802 1594 1879 1625 prae

148 1640 272 1678 virtute,
293 1649 361 1670 cum
383 1641 476 1678 socio,
497 1642 564 1671 sine
583 1640 652 1678 fine,
674 1643 764 1672 tenus
786 1650 890 1678 crure,
913 1649 1016 1671 coram
1038 1644 1143 1679 patre,
1165 1642 1268 1680 palam
1289 1641 1361 1672 filio.
1403 1642 1434 1672 in
1457 1645 1562 1672 autem
1583 1645 1616 1673 et
1637 1642 1695 1672 sub
1718 1646 1750 1673 et
1772 1643 1879 1673 subter

149 1696 271 1736 utrique
292 1697 409 1736 pariter
429 1698 516 1729 casui
538 1698 684 1737 serviunt,
706 1707 774 1729 cum
795 1698 826 1729 in
848 1698 915 1729 loco
937 1697 1111 1737 significare
1132 1698 1270 1737 velimus,
1291 1698 1445 1738 ablativo;
1468 1708 1537 1731 cum
1558 1699 1590 1731 in
1612 1699 1729 1739 locum,
1750 1708 1878 1732 accusa-

148 1755 222 1792 tivo,
242 1757 278 1785 ut
296 1752 336 1785 ‘in
358 1754 424 1786 foro
447 1753 523 1786 sum’
544 1758 576 1786 et
595 1753 635 1786 ‘in
656 1755 756 1787 forum
778 1753 831 1794 eo',
851 1753 917 1787 ‘sub
938 1758 1020 1786 tecto
1043 1753 1118 1786 sum'
1140 1760 1172 1786 et
1191 1753 1260 1787 ‘sub
1281 1759 1395 1788 tectum
1416 1754 1518 1796 fugio’.

271 1812 321 1844 24.
352 1812 591 1853 Hypozeuxis
613 1816 663 1845 est
682 1813 783 1853 figura
803 1813 956 1853 superiori
978 1813 1011 1854 (i.
1026 1822 1052 1845 e.
1073 1814 1241 1855 zeugmati)
1264 1814 1434 1854 contraria,
1464 1814 1517 1846 ubi
1546 1815 1670 1851 diversa
1691 1815 1785 1847 verba
1813 1816 1877 1847 sin·
1966 1821 2002 1844 n·

147 1870 229 1911 gulis
250 1870 427 1909 iunguntur.
1894 1861 2075 1887 “m

271 1927 319 1959 25.
351 1928 491 1960 Diomed.
512 1928 589 1967 449,
609 1929 666 1960 26:
696 1928 935 1972 Macrologia
956 1931 1005 1960 est
1026 1929 1124 1960 oratio
1146 1929 1213 1961 sine
1235 1929 1320 1961 cultu
1341 1929 1468 1961 nimium
1489 1931 1591 1970 longa.
1634 1931 1810 1962 Scaurus
1833 1931 1877 1962 ita
1917 1936 1954 1960 n·
1970 1937 2045 1960 viui·

149 1984 270 2018 definit:
290 1982 393 2025 ‘longa
414 1986 621 2025 descriptione
642 1987 794 2026 producta
814 1984 985 2025 sententia',
1007 1990 1042 2018 ut
1062 1989 1111 2018 est
1132 1987 1239 2028 (Verg.
1255 1990 1291 2019 Δ.
1307 1989 1356 2027 12,
1371 1988 1445 2029 113)
1468 1998 1493 2020 e.
1508 1997 1537 2028 q.
1553 1998 1577 2020 s.
1918 1978 2050 2002 “m'‘

271 2044 321 2075 26.
353 2043 502 2083 Tropus
531 2048 581 2075 est
602 2045 714 2076 modus
735 2048 864 2076 ornatae
886 2044 1034 2076 orationis
1057 2047 1090 2076 et
1110 2044 1204 2076 dictio
1226 2045 1381 2077 translata
1402 2054 1422 2077 a
1442 2047 1569 2086 propria
1590 2046 1814 2086 significatione
1835 2048 1875 2078 ad
1910 2052 1946 2076 n·
1962 2053 2052 2082 equ.

147 2110 209 2133 non
230 2101 385 2141 propriam
408 2101 528 2132 decoris
550 2104 605 2132 aut
623 2101 820 2133 necessitatis
842 2105 899 2133 aut
919 2103 1021 2133 cultus
1042 2105 1097 2134 aut
1118 2102 1304 2142 emphaseos
1325 2103 1436 2142 gratia.

270 2246 318 2271 24.
349 2243 478 2272 Diomed.
499 2246 567 2278 444,
585 2246 639 2272 29:
660 2244 841 2281 hypozeuxis
862 2247 914 2279 est,
936 2248 969 2273 ut
989 2244 1111 2273 Scaurus
1132 2245 1180 2279 ait,
1203 2244 1295 2281 figura
1316 2266 1323 2273 .
1338 2266 1345 2273 .
1362 2267 1369 2273 .
1385 2267 1393 2274 .
1414 2245 1581 2281 iunguntur.
1616 2247 1651 2275 ef.
1667 2247 1744 2275 infra
1764 2257 1825 2284 cap.
1838 2247 1873 2276 V.
2147 2271 2150 2273 .
2172 2244 2183 2286 Ξ

270 2294 318 2321 26.
351 2291 480 2321 Diomed.
498 2294 567 2328 456,
585 2292 636 2322 27:
660 2292 772 2330 Tropus
794 2295 845 2329 est,
866 2296 901 2323 ut
921 2294 962 2323 ait
981 2294 1112 2329 Scaurus,
1133 2293 1234 2322 modus
1255 2315 1262 2322 .
1279 2316 1286 2323 .
1302 2317 1309 2323 .
1330 2294 1431 2331 gratia.
1459 2295 1496 2324 cf.
1518 2294 1622 2325 Donat.
1642 2298 1711 2331 399,
1729 2298 1766 2324 13
1779 2306 1821 2335 sq.
1844 2300 1875 2325 et

146 2342 254 2372 cantis.
270 2342 338 2378 2⁷2,
356 2344 374 2371 2
389 2350 433 2380 sq.

657 2385 678 2399 l
