2183 2514
968 205 1217 240 ...21-

229 304 267 335 ut
285 282 472 345 Consentius
492 301 576 334 iuius
596 298 682 333 ‘arte’
709 310 785 333 usus
811 309 882 333 esse
902 301 1011 341 possit.
1053 302 1190 332 attamen
1220 308 1288 332 cum
1315 299 1474 331 Charisius
1502 301 1644 331 auctores
1674 307 1748 331 suos
1775 299 1957 338 plerumque

217 359 272 399 ,ad
292 359 420 406 verbum
445 358 658 399 exscripserit,
687 360 720 390 et
745 358 945 392 Consentium
972 358 1163 398 antiquiores
1190 357 1286 390 libros
1315 356 1488 397 inspexisse
1514 357 1587 388 inde
1611 359 1733 397 pateat,
1762 356 1845 397 quod
1872 356 1956 388 haud

229 416 493 457 pancapraebet,
522 424 603 455 quae
623 416 707 454 apud
729 416 806 447 alios
827 425 890 447 non
909 416 1179 455 reperiunturss),
1208 414 1412 454 praeferenda
1438 414 1513 445 mihi
1533 414 1656 445 videtur
1676 414 1770 445 Keilii
1791 414 1957 451 sententia,

69 469 81 494 3—
112 487 114 489 -
163 508 168 513 ,
230 472 430 507 Consentium
451 481 490 505 ex
509 471 642 505 Charisii
663 472 852 512 auctoribus,
872 481 933 504 non
955 481 993 504 ex
1013 472 1072 504 hoc
1092 472 1162 512 ipso
1182 471 1326 504 hausisse
1348 471 1399 512 (cf.
1421 471 1473 503 Gr.
1495 471 1549 503 lat.
1571 471 1608 510 V,
1629 470 1715 511 336).

352 530 485 569 Anony
492 539 584 561 mum
605 539 643 561 ex
663 529 794 562 Charisii
814 529 899 562 fonte
918 530 1063 561 hausisse
1083 539 1145 561 non
1166 530 1265 561 solum
1285 529 1433 561 tredecim
1455 529 1613 568 exemplis,
1634 537 1713 567 quae
1735 528 1763 559 ei
1786 536 1854 559 cum
1876 527 1956 559 Cha-

229 585 304 618 risio
330 586 502 618 communia
530 587 676 626 sunt⁴⁸),
705 587 761 618 sed
783 587 875 619 etiam
901 586 962 618 alio
984 587 1213 618 demonstratur
1234 595 1400 625 consensu,
1430 585 1512 625 quod
1535 588 1663 624 uterque
1683 582 1901 624 ‘parenthesin'
1923 587 1957 616 et

228 640 498 684 'prosparalepsin'
518 644 666 684 appellat,
686 654 765 684 quae
782 645 866 684 apud
880 644 1044 683 Donatum,
1065 643 1272 683 Consentium,
1294 644 1492 676 Sacerdotem
1513 640 1710 682 ‘epenthesis’
1730 647 1762 674 et
1782 639 1956 682 ‘paragoge'

230 700 444 739 nominantur;
476 703 570 740 atque
598 701 828 741 episynaliphe‚
858 700 1037 738 antithesis,
1067 701 1248 732 metathesis
1277 701 1315 731 ab
1337 703 1468 739 utroque
1497 699 1685 730 definiuntur
1710 700 1820 730 iisdem
1843 699 1955 730 verbis.

229 758 424 797 Anonymum
446 766 522 790 vero
543 767 582 790 ne
602 758 682 790 forte
703 758 861 790 Diomedis
882 757 977 789 libros
999 757 1201 797 exscripsisse
1222 760 1322 800 putes,
1344 757 1528 789 monendum
1551 760 1609 795 est,
1630 757 1711 796 quod
1732 756 1808 788 nihil
1831 756 1956 788 exhibet

230 823 269 846 ex
289 814 344 853 iis,
373 823 453 854 quae
474 815 639 847 Diomedes
666 815 784 847 auctori
805 815 937 847 Charisii
957 815 1086 846 addidit.
1128 814 1210 854 quod
1233 814 1313 845 enim
1341 824 1379 845 ex
1400 814 1499 845 tribus
1527 814 1676 853 exemplis
1696 813 1955 853 Vergilianisw),

229 881 359 912 quorum
381 881 475 904 unum
497 881 655 905 commune
677 873 772 905 habet
793 874 970 912 Anonymus
993 881 1060 903 cum
1082 872 1231 903 Diomede
1253 874 1284 903 et
1305 872 1444 911 Donato,
1465 873 1526 903 duo
1548 871 1632 911 apud
1654 871 1832 903 Diomedem
1855 870 1954 902 solum

229 929 374 968 redeunt,
394 930 476 961 hunc
497 930 537 961 ab
558 932 717 969 Anonymo
739 930 910 962 adhibitum
931 939 1002 961 esse
1023 938 1216 969 nequaquam
1238 929 1383 968 efficitur;
1412 930 1505 960 immo
1526 939 1600 960 vero
1622 939 1641 960 a
1662 929 1800 961 Charisio
1822 931 1956 968 possunt

229 995 301 1019 esse
327 987 450 1019 omissa.
492 988 594 1028 ipsum
620 991 724 1020 autem
746 987 918 1020 Charisium
940 988 1100 1027 Anonymo
1127 996 1189 1018 non
1210 990 1337 1026 praesto
1363 986 1460 1019 fuisse
1482 997 1519 1018 ex
1540 987 1695 1018 nonnullis
1718 990 1849 1026 apparet
1871 986 1955 1018 diffe-

228 1044 338 1076 rentiis
364 1045 553 1076 huiusmodi:
583 1043 632 1076 'et
652 1054 724 1076 non
746 1048 884 1076 temnere
905 1043 1003 1076 divos'
1028 1045 1132 1083 (Prob.
1154 1053 1178 1075 s.
1193 1048 1214 1075 t.
1236 1045 1276 1075 de
1296 1044 1436 1084 aphaer.)
1464 1048 1495 1075 et
1520 1042 1666 1075 ‘temnere
1695 1043 1795 1075 divos’
1821 1044 1955 1084 (Char.);

228 1098 273 1133 ‘ut
286 1101 488 1142 Vergilius:
509 1100 621 1142 aspice’
642 1105 699 1134 cet.
721 1102 824 1143 (Prob.
842 1111 866 1133 s.
881 1104 903 1133 t.
920 1102 959 1133 de
976 1102 1127 1142 apocope)
1151 1104 1182 1133 et
1196 1099 1240 1132 ‘ut
1255 1098 1367 1141 aspice‘
1384 1101 1518 1142 (Char.);
1539 1099 1606 1133 ‘hoc
1621 1105 1669 1133 est
1691 1110 1791 1133 suam
1814 1099 1950 1132 domum’

228 1158 331 1198 (Prob.
347 1159 410 1199 Li.)
426 1163 457 1191 et
469 1157 537 1190 ‘hoc
552 1162 601 1190 est
617 1159 751 1190 domum’
770 1159 903 1200 (Char.);
924 1157 1046 1191 ‘ectasis
1062 1162 1120 1197 est,
1133 1168 1201 1190 cum
1217 1168 1283 1198 per
1297 1159 1493 1190 licentiam
1508 1159 1610 1190 brevis
1626 1157 1815 1198 producitur'
1835 1158 1952 1198 (Proh.)

228 1217 260 1247 et
279 1212 401 1248 ‘ectasis
418 1218 476 1255 est,
497 1224 564 1248 cum
583 1219 725 1256 correpta
741 1216 862 1256 syllaba
883 1218 1016 1248 contra
1036 1215 1221 1247 rationem
1242 1213 1431 1255 producitur'
1449 1216 1577 1255 (Char),
1599 1216 1636 1247 cf.
1651 1216 1807 1247 Diomed.:
1829 1212 1953 1247 ‘ectasis

228 1296 235 1304 .
257 1297 264 1304 .
288 1297 309 1311 .‚
330 1282 399 1305 cum
420 1277 562 1313 correpta
583 1273 704 1313 syllaba
724 1276 862 1305 contra
882 1274 1073 1305 rationem
1094 1283 1160 1312 per
1180 1273 1377 1304 licentiam
1398 1272 1600 1312 producitur’.

351 1330 539 1362 Sacerdos
562 1330 693 1370 denique
714 1339 783 1362 cum
797 1331 920 1362 Donato
942 1330 1026 1361 nullo
1046 1330 1138 1361 modo
1159 1330 1204 1361 ita
1225 1330 1388 1368 consentit,
1411 1332 1445 1361 ut
1465 1333 1621 1361 auctorem
1644 1330 1709 1361 eius
1733 1333 1858 1361 secutus
1880 1338 1952 1361 esse

227 1387 342 1427 possit,
364 1397 432 1420 cum
453 1391 577 1427 praeter
597 1388 721 1420 nomina
741 1388 932 1427 singulorum
953 1387 1224 1426 metaplasmorum
1245 1396 1358 1426 graeca
1379 1387 1454 1419 nihil
1475 1388 1646 1427 praebeant
1667 1388 1869 1419 communiter
1890 1388 1951 1419 nisi

226 1445 288 1476 tria
302 1445 441 1484 exempla
455 1445 545 1476 haec:
566 1441 745 1484 ‘relliquias’
763 1454 788 1476 s.
804 1448 826 1477 t.
841 1445 880 1476 de
894 1445 1028 1484 epenth.‚
1049 1441 1111 1475 ‘oili
1125 1454 1181 1484 pro
1196 1442 1248 1475 illi'
1270 1454 1294 1476 s.
1310 1448 1331 1476 t.
1352 1445 1393 1476 de
1408 1444 1527 1483 antith.,
1549 1445 1639 1484 Verg.
1655 1446 1689 1476 A.
1706 1446 1734 1483 6,
1751 1445 1812 1477 803
1833 1454 1858 1476 s.
1873 1448 1895 1476 t.
1911 1445 1951 1475 de

226 1500 383 1542 episynal.‚
404 1511 534 1541 quorum
555 1502 695 1534 ultimum
717 1502 811 1534 etiam
826 1502 910 1542 apud
925 1502 1097 1534 Charisium
1119 1502 1232 1541 (Proh,
1247 1502 1399 1542 Diomed.)
1421 1502 1558 1534 recurrit.
1600 1511 1669 1534 cum
1685 1501 1826 1534 Charisio
1843 1502 1951 1534 Sacer-

226 1559 293 1591 doti
313 1560 455 1591 convenit
474 1559 568 1591 etiam
590 1560 630 1591 de
651 1559 824 1591 definiendo
845 1560 1063 1598 metaplasmo,
1092 1559 1222 1598 systole,
1252 1560 1415 1598 antithesi;
1444 1560 1525 1591 sicut
1545 1559 1609 1591 fere
1631 1559 1744 1599 ubique
1766 1560 1875 1591 eadem
1898 1560 1950 1591 de—

225 1616 351 1649 finiendi
378 1617 476 1648 forma
504 1614 576 1657 (‘est
604 1616 699 1657 cum')
727 1626 803 1649 usus
830 1620 878 1649 est
906 1621 999 1656 atque
1024 1617 1085 1648 ille.
1126 1617 1199 1648 licet
1218 1618 1313 1656 igitur
1334 1617 1486 1649 Sacerdos
1508 1617 1639 1648 Charisii
1661 1618 1779 1648 auctori
1800 1617 1949 1648 nonnulla

187 1682 189 1684 ’
225 1673 348 1712 debeat,
369 1676 525 1713 tamquam
548 1674 656 1705 ducem
678 1676 780 1705 tamen
803 1683 872 1705 eum
893 1683 955 1705 non
977 1676 1101 1706 secutus
1123 1677 1185 1712 est,
1207 1682 1275 1705 cum
1296 1683 1357 1705 non
1379 1674 1477 1706 solum
1498 1674 1680 1713 plerumque
1702 1674 1764 1705 alia
1784 1674 1950 1714 protulerit

226 1731 375 1771 exempla,
397 1733 453 1763 sed
470 1732 563 1764 etiam
580 1732 720 1772 singulas
741 1732 1014 1771 metaplasmorum
1036 1732 1155 1771 species
1176 1733 1216 1763 ad
1232 1732 1370 1764 ordinem
1392 1732 1582 1764 recensuerit
1596 1741 1615 1763 a
1629 1732 1762 1763 Charisii
1778 1733 1950 1770 diversum;

224 1788 330 1829 posuit
350 1788 431 1821 enim
452 1792 484 1821 et
505 1789 643 1829 systolen
670 1793 743 1821 ante
769 1790 886 1821 ectasin
908 1792 953 1828 et,
983 1798 1063 1829 quae
1091 1790 1174 1829 apud
1202 1789 1375 1821 Charisium
1401 1789 1646 1830 (Donatumque)
1675 1789 1816 1821 ultimum
1842 1792 1950 1821 tenent

349 1922 401 1960 47)
422 1922 486 1951 dico
507 1932 567 1951 non
586 1926 645 1952 tam
667 1922 806 1960 exempla,
829 1922 934 1961 quibus
954 1922 1085 1959 singulos
1104 1922 1230 1951 illustrat
1252 1922 1462 1960 metaplasmos,
1484 1931 1570 1961 quam
1591 1932 1641 1951 eos
1662 1922 1747 1958 locos,
1770 1923 1820 1951 ubi
1836 1922 1950 1951 disertis

225 1972 323 2001 verbis
349 1972 468 2001 tradidit
494 1973 678 2011 antiquorum
706 1973 953 2009 grammaticorum
980 1972 1131 2010 reliquias,
1162 1981 1236 2010 quae
1263 1972 1332 2000 alibi
1358 1982 1416 2000 uon
1437 1976 1567 2001 servatae
1588 1977 1669 2007 sunt,
1701 1972 1782 2001 velut
1802 1982 1830 2009 p.
1847 1974 1914 2007 375,
1932 1976 1948 2000 8

226 2020 413 2059 (Palaemon),
435 2021 504 2056 375,
522 2023 554 2057 1,
576 2023 644 2057 890,
660 2024 678 2050 6
700 2021 777 2059 (Arr.
798 2021 922 2060 Celsus),
946 2021 1014 2056 378,
1030 2023 1067 2050 23
1090 2021 1222 2059 (Pansa),
1244 2023 1313 2056 402,
1331 2023 1367 2049 14
1389 2021 1516 2059 (Asper).
1559 2023 1645 2060 atque
1666 2022 1702 2050 de
1723 2030 1877 2057 consensu,
1900 2022 1950 2060 qui

225 2070 378 2100 intercedit
397 2071 474 2100 inter
495 2071 679 2100 Consentium
700 2075 730 2101 et
751 2070 971 2107 Quintilianum,
993 2071 1029 2100 ef.
1051 2071 1114 2100 Birt
1134 2071 1165 2099 in
1186 2071 1260 2101 Mus.
1282 2071 1375 2100 Rhen.
1397 2080 1426 2100 n.
1441 2081 1463 2100 s.
1483 2081 1512 2100 v.
1527 2073 1576 2107 34,
1592 2074 1629 2100 21
1647 2081 1710 2110 sqq.

349 2121 401 2157 48)
421 2120 458 2149 cf.
479 2130 500 2149 s.
515 2124 536 2149 t.
558 2121 593 2149 de
615 2122 731 2158 epenth.
754 2121 839 2158 Verg.
853 2122 888 2149 A.
904 2124 931 2156 3,
947 2123 1023 2155 409;
1046 2123 1072 2156 8,
1089 2123 1156 2149 630.
1185 2121 1224 2149 de
1238 2121 1352 2157 aphaer.
1374 2121 1461 2158 Verg.
1476 2122 1511 2149 A.
1528 2123 1555 2156 6,
1571 2123 1640 2149 620.
1669 2122 1704 2150 de
1721 2131 1847 2159 syncope
1870 2124 1904 2150 A.
1921 2125 1949 2156 4,

227 2171 296 2198 682.
327 2170 362 2198 de
383 2178 511 2207 apocope
532 2172 566 2198 A.
585 2172 635 2206 10,
651 2172 726 2205 4815
747 2170 821 2199 Eun.
837 2179 903 2200 ann.
920 2173 987 2199 563.
1009 2171 1045 2199 de
1066 2170 1154 2199 ectasi
1173 2171 1208 2199 A.
1227 2172 1253 2205 1,
1271 2172 1338 2199 199.
1369 2170 1404 2199 de
1425 2170 1546 2199 diaeresi
1568 2172 1602 2199 Δ.
1622 2173 1655 2206 9,
1671 2173 1720 2201 26.
1752 2171 1787 2199 de
1808 2171 1948 2208 episynal.

225 2221 261 2249 A.
283 2221 316 2255 6,
336 2221 404 2249 803.
436 2220 471 2248 de
492 2219 583 2257 synal.
605 2222 639 2248 A.
655 2222 683 2255 9,
702 2222 727 2249 1.
760 2220 794 2249 de
816 2220 932 2258 eothlip.
954 2222 990 2249 A.
1010 2223 1033 2256 1,
1049 2223 1077 2249 3.
1109 2220 1145 2248 de
1165 2219 1268 2249 antith.
1291 2219 1375 2249 Ovid.
1393 2220 1463 2250 Met.
1479 2222 1512 2256 3,
1528 2220 1577 2249 79.
1608 2221 1643 2249 de
1665 2221 1783 2250 metath.
1805 2220 1890 2257 Verg.
1913 2222 1948 2249 A.

229 2270 274 2304 ιο,
290 2270 358 2297 894.

244 2321 256 2347 Ὶ
349 2318 399 2354 49)
421 2328 443 2347 s.
458 2321 479 2347 t.
501 2318 536 2346 de
556 2317 663 2355 systole
684 2317 770 2355 Verg.
786 2320 820 2347 A.
838 2322 865 2354 4,
882 2321 929 2347 52.
957 2319 993 2348 de
1013 2318 1170 2356 prosparal.
1191 2320 1226 2347 A.
1243 2321 1271 2354 4,
1287 2320 1355 2346 493.
1388 2318 1424 2347 de
1445 2318 1565 2347 diaeresi
1586 2321 1622 2348 A.
1637 2321 1665 2354 8,
1682 2321 1751 2347 854.
