2183 2514
963 207 1213 243 -30-

988 414 1089 476 Gap.
1118 415 1182 461 lv.

344 530 526 562 Diomedem
549 530 580 562 in
602 530 701 562 altero
723 538 845 571 quoque
866 530 968 571 capite
989 531 1034 571 (p.
1050 531 1122 570 443,
1143 530 1163 562 5
1181 531 1262 572 sqq.)

892 585 962 620 ‘De
984 587 1278 620 schematibus'

220 656 260 679 ex
280 646 419 678 fontibus
440 645 582 685 pluribus
604 645 749 677 hausisse
771 648 802 677 et
822 645 892 685 ipse
918 645 1049 684 indicat,
1078 654 1146 677 cum
1168 654 1265 685 saepe
1286 645 1366 677 duas
1388 646 1438 677 vel
1459 648 1525 677 tres
1547 645 1684 677 eiusdem
1705 645 1824 685 figurae
1845 645 1955 677 defini·

216 703 321 735 tiones
343 704 513 742 proponat,
542 705 574 733 et
595 701 665 733 aliis
686 701 868 742 quibuscum
890 702 918 733 ei
940 702 1083 740 cognatio
1105 702 1258 742 quaedam
1285 702 1451 733 intercedit
1472 701 1682 742 grammaticis
1709 701 1832 733 collatis
1860 702 1954 747 plane

217 763 324 802 potest
343 760 559 792 demonstrari.
607 768 678 791 nam
700 759 750 792 hic
771 769 893 799 quoque
914 760 1085 799 Donatum,
1106 760 1294 799 charisium,
1316 760 1515 792 Sacerdotem
1537 759 1693 792 artissimo
1714 767 1783 792 cum
1803 760 1955 793 Diomede

217 817 413 858 cognationis
436 817 587 849 contineri
609 817 731 848 vinculo
752 816 843 848 facile
864 817 985 856 patebit
1007 826 1044 848 ex
1067 817 1189 855 tabula,
1210 817 1242 848 in
1264 826 1327 856 qua
1348 825 1417 848 cum
1436 817 1586 848 Diomede
1607 817 1765 857 composui
1786 820 1953 857 quae'tres

185 885 187 889 ’
215 875 263 907 illi
284 874 455 914 artigraphi
476 875 517 906 de
537 874 747 906 schematibus
770 874 932 914 disputant
944 875 1004 914 ⁶⁰).
1048 877 1141 914 atque
1162 875 1189 906 si
1211 874 1251 906 ad
1278 873 1474 906 definitiones
1495 874 1630 906 animum
1651 875 1812 913 attendes,
1833 874 1953 908 videbis

218 932 355 972 reliquos
375 940 433 971 pro
455 931 533 963 artis
555 931 713 963 succincta
733 931 887 962 brevitate
907 931 939 963 in
961 940 1024 963 una
1053 931 1202 971 cuiusque
1229 930 1349 971 figurae
1379 930 1558 963 definitione
1579 939 1614 963 se
1642 931 1846 971 continuisse,
1879 932 1954 964 Dio-

218 990 338 1023 medem
359 989 542 1029 plerumque
563 988 652 1020 binas
674 989 723 1020 vel
737 989 843 1029 plures
858 989 1103 1028 contaminasse,
1124 989 1169 1021 ita
1183 992 1218 1020 ut
1233 989 1262 1021 ei
1276 989 1368 1021 modo
1384 997 1453 1021 cum
1468 988 1600 1028 Donato,
1621 989 1713 1021 modo
1729 998 1799 1021 cum
1812 989 1953 1022 charIsio

219 1047 449 1085 sacerdoteque
471 1045 642 1076 conveniat.
684 1046 756 1076 hinc
777 1046 872 1085 igitur
893 1046 924 1076 in
947 1046 1091 1077 eruendis
1114 1046 1274 1077 Diomedis
1294 1045 1432 1077 fontibus
1454 1045 1711 1084 proficiscendum
1733 1048 1790 1077 est.

343 1103 435 1142 Quod
456 1103 537 1135 enim
558 1102 727 1135 Diomedes
749 1112 831 1135 nunc
853 1112 920 1135 cum
943 1103 1065 1135 Donato
1087 1112 1168 1135 nunc
1197 1112 1265 1135 cum
1286 1102 1427 1136 charisio
1456 1102 1689 1145 consentit⁶¹),
1716 1103 1857 1143 sequitur
1883 1112 1953 1136 eum

219 1162 308 1194 libris
329 1170 421 1193 usum
442 1169 514 1192 esse
535 1160 673 1199 duobus,
694 1169 788 1200 quos,
817 1169 885 1192 cum
907 1169 969 1191 non
990 1160 1105 1191 fuerint
1125 1161 1241 1192 Donati
1262 1160 1454 1200 Charisiique
1472 1158 1596 1199 ‘artes’,
1625 1160 1727 1192 nullos
1757 1160 1836 1192 alios
1855 1160 1953 1193 fuisse

222 1220 285 1253 nisi
312 1227 441 1259 quorum
472 1217 552 1250 alter
572 1217 716 1255 Donato,
746 1218 826 1249 alter
847 1217 987 1249 charisio
1016 1220 1141 1257 praesto
1170 1217 1242 1257 fuit,
1270 1220 1405 1250 testatur
1427 1220 1590 1249 accuratus
1612 1226 1680 1249 cum
1701 1217 1752 1249 his
1773 1226 1952 1250 consensus.

221 1281 315 1317 atque
336 1277 413 1308 haec
434 1275 605 1314 sententia,
635 1275 776 1307 Diomedi
805 1276 884 1306 duos
914 1278 987 1306 ante
1015 1275 1120 1307 oculos
1147 1275 1245 1307 fuisse
1265 1275 1383 1314 fontes,
1413 1284 1450 1307 eo
1471 1274 1644 1314 stabilitur,
1673 1276 1756 1315 quod
1777 1276 1861 1315 apud
1883 1285 1953 1308 eum

221 1336 300 1366 duas
328 1333 445 1364 formas
471 1330 636 1362 definiendi
663 1332 789 1362 easdem
810 1340 847 1362 ac
869 1340 965 1370 supra
992 1331 1177 1370 reperimus,
1208 1340 1338 1370 quarum
1367 1331 1466 1362 altera
1494 1331 1526 1362 in
1554 1331 1594 1362 iis
1625 1340 1704 1370 quae
1732 1340 1802 1362 cum
1830 1332 1952 1363 Donato

221 1390 402 1430 conspirant
431 1387 662 1420 definitionibus
684 1388 831 1427 occurrit,
860 1388 961 1420 altera
983 1388 1091 1420 eadem
1113 1391 1177 1427 est,
1206 1397 1286 1428 quae
1307 1388 1390 1428 apud
1413 1387 1586 1420 charisium
1609 1387 1867 1428 sacerdotemque
1888 1388 1953 1429 ple-

221 1457 351 1488 rumque
373 1446 513 1478 adhibita
535 1449 592 1477 est.
634 1446 686 1485 (cf.
707 1454 803 1485 supra
824 1455 853 1485 p.
871 1446 909 1477 16
925 1447 1005 1486 sqq.)

344 1501 420 1534 Cum
442 1511 516 1535 vero
538 1502 754 1534 nonnullarum
777 1502 936 1534 Diomedis
964 1502 1176 1534 definitionum
1203 1502 1344 1543 singulae
1372 1504 1479 1543 partes
1501 1501 1550 1533 vel
1580 1501 1704 1543 singula
1723 1502 1819 1535 verba
1838 1503 1953 1543 partim

348 1611 400 1648 50)
422 1611 457 1640 cf.
480 1611 565 1640 infra·
607 1611 769 1640 Sacerdotis
791 1614 942 1640 tractatum
964 1621 1022 1640 non
1044 1614 1135 1640 totum
1164 1611 1304 1649 exscripsi
1330 1611 1380 1640 sed
1402 1620 1435 1639 ea
1456 1613 1581 1646 tantum,
1604 1611 1708 1649 quibus
1729 1612 1845 1640 eaedem
1866 1615 1953 1650 atque

222 1661 299 1698 apud
330 1660 500 1690 Diomedem
532 1661 713 1698 explicantur
745 1661 869 1698 figurae,
901 1661 998 1698 recepi
1028 1661 1059 1690 in
1092 1661 1226 1690 tabulam.
1251 1677 1290 1682 —
1324 1662 1360 1690 de
1385 1660 1554 1695 Diomedis,
1586 1659 1722 1696 Charisii,
1750 1660 1857 1690 Donati
1886 1670 1953 1691 con-

221 1719 308 1737 sensu
328 1710 360 1737 in
382 1709 552 1737 universum
572 1710 648 1738 idem
671 1710 824 1738 dicendum
846 1714 897 1744 est,
920 1711 995 1747 quod
1018 1712 1053 1738 de
1068 1710 1204 1746 primario
1225 1711 1306 1738 fonte
1321 1719 1421 1745 graeco
1437 1713 1467 1738 et
1479 1711 1515 1737 de
1530 1710 1716 1737 Palaemones
1731 1719 1804 1746 upra
1819 1719 1847 1746 p.
1862 1711 1898 1738 17
1910 1720 1953 1748 sq.

221 1758 402 1796 protulimus.
445 1759 523 1797 quod
543 1768 612 1788 vero
634 1759 710 1796 apud
730 1758 874 1788 Donatum
896 1759 1040 1788 schemata
1061 1760 1159 1788 decem
1180 1762 1210 1788 et
1230 1762 1356 1797 septem,
1377 1759 1454 1797 apud
1470 1758 1630 1787 charisium
1649 1758 1879 1796 duodevinginti,
1899 1768 1954 1789 un-

221 1809 366 1844 deviginti
387 1810 464 1845 apud
486 1809 653 1837 Diomedem
675 1812 849 1843 tractantur,
872 1809 996 1845 primum
1018 1810 1134 1846 quidem
1155 1812 1185 1837 et
1205 1810 1281 1845 apud
1296 1809 1346 1837 Ch.
1362 1812 1392 1837 et
1405 1809 1482 1845 apud
1497 1808 1666 1839 Diomedem
1685 1810 1799 1837 schema
1820 1809 1954 1846 asyndeti

222 1857 343 1886 debetur
371 1856 574 1894 interpolatori
602 1856 841 1894 (animadvertas,
871 1858 947 1896 quod
971 1858 1048 1895 apud
1075 1857 1126 1886 Ch.
1147 1867 1175 1894 p.
1194 1860 1263 1893 281,
1288 1859 1324 1886 10
1354 1857 1434 1886 locus
1462 1859 1506 1886 est
1533 1856 1684 1885 lacunosus
1711 1859 1742 1886 et
1761 1857 1838 1894 apud
1859 1857 1954 1887 Diem.

223 1909 293 1942 445,
317 1910 334 1935 6
357 1906 521 1936 definitioni
542 1906 674 1944 asyndeti
696 1907 777 1936 deest
797 1907 977 1945 exemplum;
999 1910 1148 1945 praeterea
1168 1910 1262 1936 autem
1284 1907 1429 1945 dialyton,
1449 1907 1486 1936 de
1507 1916 1564 1945 quo
1577 1909 1713 1945 uterque,
1734 1906 1810 1936 sicut
1824 1906 1954 1937 Donatus

222 1959 253 1985 et
272 1955 426 1991 Sacerdos,
448 1956 525 1993 agit,
546 1955 623 1985 nihil
643 1958 688 1985 est
708 1956 788 1984 aliud
809 1956 867 1985 nisi
888 1956 1075 1994 asyndeton);
1096 1956 1201 1985 deinde
1222 1956 1376 1985 Diomedes
1392 1956 1531 1985 nonnulla
1545 1965 1582 1984 ex
1596 1955 1670 1984 libro
1685 1957 1808 1994 quodam
1822 1957 1953 1994 empsit,

221 2014 279 2044 quo
300 2014 397 2043 neque
417 2005 548 2034 Donatus
568 2014 663 2043 neque
684 2005 829 2034 Charisius
849 2015 918 2034 usus
938 2009 990 2034 est.
1015 2006 1070 2035 ‘cit
1091 2006 1159 2034 infr.
1181 2015 1210 2043 p.
1229 2008 1263 2034 31
1283 2015 1347 2044 sqq.

344 2054 482 2083 Sacerdos
503 2064 586 2089 vero,
608 2064 693 2093 quem
714 2064 731 2083 a
751 2054 875 2083 Charisii
896 2058 1011 2084 auctore
1032 2055 1171 2085 nonnulla
1192 2055 1337 2084 derivasse
1357 2055 1434 2084 infra
1448 2054 1587 2090 elucebit,
1608 2063 1727 2083 numero
1741 2054 1831 2083 multo
1846 2054 1953 2084 maiore

220 2107 251 2134 et
270 2104 373 2133 ordine
393 2104 572 2141 singulorum
593 2105 769 2133 schematum
790 2105 826 2133 ab
846 2104 912 2133 aliis
931 2114 1048 2142 prorsus
1070 2105 1176 2134 differt.

346 2153 398 2190 51)
419 2162 483 2181 oum
504 2152 617 2181 Donato
639 2153 674 2181 of.
689 2152 837 2181 Diomedis
859 2153 1056 2182 definitionem
1070 2155 1274 2191 hypozeuxeos
1288 2154 1415 2189 alteram,
1435 2153 1593 2191 syllepseos
1606 2153 1734 2187 alteram,
1754 2153 1954 2190 anadiploseos

218 2201 351 2237 alteram,
374 2201 501 2239 priorem
522 2202 699 2239 anaphoras,
719 2201 943 2231 homoeoteleuti
963 2202 1096 2238 alteram,
1118 2202 1232 2232 tertiam
1253 2202 1457 2240 homoeoptoti.
1499 2211 1563 2231 cum
1584 2201 1714 2231 Chai-isio
1735 2204 1766 2231 et
1785 2202 1954 2241 plerumque

219 2250 307 2279 etism
315 2260 400 2279 ‚cum
420 2250 573 2279 Sacerdote
600 2251 786 2288 consentiunt
806 2251 989 2280 definitiones
1009 2253 1079 2281 hae:
1105 2253 1310 2289 hypozeuxeds
1330 2251 1425 2288 prior,
1452 2251 1609 2288 synopseos
1636 2250 1730 2287 prior,
1755 2251 1954 2289 anadiploseos

217 2299 307 2338 prior,
328 2299 533 2339 epsnalepseos
554 2300 659 2336 altera,
680 2300 812 2330 scheseos
833 2304 986 2331 onomaton
1007 2301 1105 2337 altera,
1126 2300 1218 2340 (prior
1238 2310 1303 2330 cum
1323 2300 1503 2338 Sacerdote),
1522 2299 1612 2329 altera
1630 2300 1805 2338 parhomoei.
