<?xml version="1.0" encoding="UTF-8"?>
<!DOCTYPE html PUBLIC "-//W3C//DTD XHTML 1.0 Transitional//EN"
    "http://www.w3.org/TR/xhtml1/DTD/xhtml1-transitional.dtd">
<html xmlns="http://www.w3.org/1999/xhtml" xml:lang="en" lang="en">
 <head>
  <title>
</title>
<meta http-equiv="Content-Type" content="text/html;charset=utf-8" />
  <meta name='ocr-system' content='tesseract 3.04.00' />
  <meta name='ocr-capabilities' content='ocr_page ocr_carea ocr_par ocr_line ocrx_word'/>
</head>
<body>
  <div class='ocr_page' id='page_1' title='image "./4626796_0050.png"; bbox 0 0 2183 2514; ppageno 0'>
   <div class='ocr_carea' id='block_1_1' title="bbox 963 199 1210 234">
    <p class='ocr_par' dir='ltr' id='par_1_1' title="bbox 963 199 1210 234">
     <span class='ocr_line' id='line_1_1' title="bbox 963 199 1210 234; baseline 0 -12"><span class='ocrx_word' id='word_1_1' title='bbox 963 199 1210 234; x_wconf 76' lang='grc'><strong>-39-</strong></span> 
     </span>
    </p>
   </div>
   <div class='ocr_carea' id='block_1_2' title="bbox 0 270 236 2514">
    <p class='ocr_par' dir='ltr' id='par_1_2' title="bbox 0 270 236 2514">
     <span class='ocr_line' id='line_1_2' title="bbox 0 270 222 500; baseline 0 -23"><span class='ocrx_word' id='word_1_2' title='bbox 0 270 222 500; x_wconf 95' lang='lat' dir='ltr'><strong>     </strong></span> 
     </span>
     <span class='ocr_line' id='line_1_3' title="bbox 0 500 222 584; baseline 0 0"><span class='ocrx_word' id='word_1_3' title='bbox 0 500 222 584; x_wconf 95' lang='lat' dir='ltr'><strong>   </strong></span> 
     </span>
     <span class='ocr_line' id='line_1_4' title="bbox 0 584 236 758; baseline 0 -27"><span class='ocrx_word' id='word_1_4' title='bbox 0 584 236 758; x_wconf 95' lang='lat' dir='ltr'><strong>    </strong></span> 
     </span>
     <span class='ocr_line' id='line_1_5' title="bbox 0 758 221 873; baseline 0 0"><span class='ocrx_word' id='word_1_5' title='bbox 0 758 221 873; x_wconf 95' lang='lat' dir='ltr'><strong>   </strong></span> 
     </span>
     <span class='ocr_line' id='line_1_6' title="bbox 0 873 236 1024; baseline 0 -38"><span class='ocrx_word' id='word_1_6' title='bbox 0 873 236 1024; x_wconf 95' lang='lat' dir='ltr'><strong>   </strong></span> 
     </span>
     <span class='ocr_line' id='line_1_7' title="bbox 0 1024 221 1134; baseline 0 0"><span class='ocrx_word' id='word_1_7' title='bbox 0 1024 221 1134; x_wconf 95' lang='lat' dir='ltr'><strong>  </strong></span> 
     </span>
     <span class='ocr_line' id='line_1_8' title="bbox 0 1134 222 1272; baseline 0 -58"><span class='ocrx_word' id='word_1_8' title='bbox 0 1134 222 1272; x_wconf 95' lang='lat' dir='ltr'><strong>    </strong></span> 
     </span>
     <span class='ocr_line' id='line_1_9' title="bbox 0 1272 221 1443; baseline 0 -55"><span class='ocrx_word' id='word_1_9' title='bbox 0 1272 221 1443; x_wconf 95' lang='lat' dir='ltr'><strong>    </strong></span> 
     </span>
     <span class='ocr_line' id='line_1_10' title="bbox 0 1443 236 1674; baseline 0 0"><span class='ocrx_word' id='word_1_10' title='bbox 0 1443 236 1674; x_wconf 95' lang='lat' dir='ltr'><strong>    </strong></span> 
     </span>
     <span class='ocr_line' id='line_1_11' title="bbox 0 1674 236 1989; baseline 0 -98"><span class='ocrx_word' id='word_1_11' title='bbox 0 1674 236 1989; x_wconf 95' lang='lat' dir='ltr'><strong>   </strong></span> 
     </span>
     <span class='ocr_line' id='line_1_12' title="bbox 0 1989 220 2115; baseline 0 -94"><span class='ocrx_word' id='word_1_12' title='bbox 0 1989 220 2115; x_wconf 95' lang='lat' dir='ltr'><strong>    </strong></span> 
     </span>
     <span class='ocr_line' id='line_1_13' title="bbox 0 2115 236 2184; baseline 0 0"><span class='ocrx_word' id='word_1_13' title='bbox 0 2115 236 2184; x_wconf 95' lang='lat' dir='ltr'><strong>  </strong></span> 
     </span>
     <span class='ocr_line' id='line_1_14' title="bbox 0 2184 222 2264; baseline 0 0"><span class='ocrx_word' id='word_1_14' title='bbox 0 2184 222 2264; x_wconf 95' lang='lat' dir='ltr'><strong>  </strong></span> 
     </span>
     <span class='ocr_line' id='line_1_15' title="bbox 0 2264 236 2514; baseline 0 -197"><span class='ocrx_word' id='word_1_15' title='bbox 0 2264 236 2514; x_wconf 95' lang='lat' dir='ltr'><strong>    </strong></span> 
     </span>
    </p>
   </div>
   <div class='ocr_carea' id='block_1_3' title="bbox 160 278 1951 1653">
    <p class='ocr_par' dir='ltr' id='par_1_3' title="bbox 160 278 1951 620">
     <span class='ocr_line' id='line_1_16' title="bbox 178 278 1951 351; baseline -0.003 -21"><span class='ocrx_word' id='word_1_16' title='bbox 178 293 204 341; x_wconf 65' lang='lat' dir='ltr'>j</span> <span class='ocrx_word' id='word_1_17' title='bbox 219 294 405 351; x_wconf 54' lang='lat' dir='ltr'><strong>mu</strong></span> <span class='ocrx_word' id='word_1_18' title='bbox 420 278 650 334; x_wconf 60' lang='lat' dir='ltr'><strong>mennam</strong></span> <span class='ocrx_word' id='word_1_19' title='bbox 668 293 846 326; x_wconf 84' lang='lat' dir='ltr'><strong>inchoativa</strong></span> <span class='ocrx_word' id='word_1_20' title='bbox 865 294 1042 336; x_wconf 80' lang='lat'>(359‚10);</span> <span class='ocrx_word' id='word_1_21' title='bbox 1070 294 1199 327; x_wconf 76' lang='lat' dir='ltr'><strong>formam</strong></span> <span class='ocrx_word' id='word_1_22' title='bbox 1219 293 1315 334; x_wconf 84' lang='lat' dir='ltr'><strong>igitur</strong></span> <span class='ocrx_word' id='word_1_23' title='bbox 1334 292 1498 325; x_wconf 87' lang='lat' dir='ltr'><strong>verborum</strong></span> <span class='ocrx_word' id='word_1_24' title='bbox 1526 293 1658 325; x_wconf 86' lang='lat' dir='ltr'><strong>eandem</strong></span> <span class='ocrx_word' id='word_1_25' title='bbox 1678 292 1833 333; x_wconf 70' lang='lat' dir='ltr'><strong>intellegit</strong></span> <span class='ocrx_word' id='word_1_26' title='bbox 1857 302 1951 333; x_wconf 79' lang='lat' dir='ltr'><strong>quam</strong></span> 
     </span>
     <span class='ocr_line' id='line_1_17' title="bbox 179 335 1950 392; baseline -0.002 -7"><span class='ocrx_word' id='word_1_27' title='bbox 179 335 407 391; x_wconf 63' lang='lat' dir='ltr'><strong>Miluus</strong></span> <span class='ocrx_word' id='word_1_28' title='bbox 436 351 615 391; x_wconf 76' lang='lat' dir='ltr'><strong>Anonymus</strong></span> <span class='ocrx_word' id='word_1_29' title='bbox 636 350 690 383; x_wconf 86' lang='lat' dir='ltr'><strong>Gr.</strong></span> <span class='ocrx_word' id='word_1_30' title='bbox 711 350 765 383; x_wconf 87' lang='lat' dir='ltr'><strong>lat.</strong></span> <span class='ocrx_word' id='word_1_31' title='bbox 782 351 815 390; x_wconf 93' lang='lat'><strong>1,</strong></span> <span class='ocrx_word' id='word_1_32' title='bbox 843 351 1037 391; x_wconf 83' lang='lat' dir='ltr'><strong>Victorinus,</strong></span> <span class='ocrx_word' id='word_1_33' title='bbox 1068 360 1208 392; x_wconf 89' lang='lat' dir='ltr'><strong>quaeque</strong></span> <span class='ocrx_word' id='word_1_34' title='bbox 1237 350 1358 391; x_wconf 87' lang='lat' dir='ltr'><strong>species</strong></span> <span class='ocrx_word' id='word_1_35' title='bbox 1380 359 1400 382; x_wconf 92' lang='lat' dir='ltr'><strong>a</strong></span> <span class='ocrx_word' id='word_1_36' title='bbox 1427 349 1603 389; x_wconf 80' lang='lat' dir='ltr'><strong>Priscisno‚</strong></span> <span class='ocrx_word' id='word_1_37' title='bbox 1633 358 1653 382; x_wconf 88' lang='lat' dir='ltr'><strong>a</strong></span> <span class='ocrx_word' id='word_1_38' title='bbox 1680 349 1830 390; x_wconf 84' lang='lat' dir='ltr'><strong>Dionysio</strong></span> <span class='ocrx_word' id='word_1_39' title='bbox 1860 345 1950 387; x_wconf 78' lang='grc' dir='ltr'><em>εἶδος</em></span> 
     </span>
     <span class='ocr_line' id='line_1_18' title="bbox 205 405 1949 462; baseline -0.001 -21"><span class='ocrx_word' id='word_1_40' title='bbox 205 405 407 462; x_wconf 64' lang='lat' dir='ltr'><strong>appellatur.</strong></span> <span class='ocrx_word' id='word_1_41' title='bbox 460 411 568 440; x_wconf 88' lang='lat' dir='ltr'><strong>contra</strong></span> <span class='ocrx_word' id='word_1_42' title='bbox 589 408 749 440; x_wconf 78' lang='lat' dir='ltr'><strong>Sacerdoti</strong></span> <span class='ocrx_word' id='word_1_43' title='bbox 768 408 854 448; x_wconf 86' lang='lat'><strong>(429,</strong></span> <span class='ocrx_word' id='word_1_44' title='bbox 867 408 923 450; x_wconf 82' lang='lat'><strong>20)</strong></span> <span class='ocrx_word' id='word_1_45' title='bbox 942 409 1060 442; x_wconf 73' lang='lat' dir='ltr'><strong>formae</strong></span> <span class='ocrx_word' id='word_1_46' title='bbox 1082 409 1243 441; x_wconf 87' lang='lat' dir='ltr'><strong>verborum</strong></span> <span class='ocrx_word' id='word_1_47' title='bbox 1265 412 1340 440; x_wconf 88' lang='lat' dir='ltr'><strong>sunt</strong></span> <span class='ocrx_word' id='word_1_48' title='bbox 1359 408 1455 447; x_wconf 86' lang='lat' dir='ltr'><strong>duae,</strong></span> <span class='ocrx_word' id='word_1_49' title='bbox 1476 407 1650 448; x_wconf 81' lang='lat' dir='ltr'><strong>personalis</strong></span> <span class='ocrx_word' id='word_1_50' title='bbox 1671 410 1703 439; x_wconf 90' lang='lat' dir='ltr'><strong>et</strong></span> <span class='ocrx_word' id='word_1_51' title='bbox 1723 407 1949 448; x_wconf 82' lang='lat' dir='ltr'><strong>impersonalis.</strong></span> 
     </span>
     <span class='ocr_line' id='line_1_19' title="bbox 185 458 1950 506; baseline -0.002 -7"><span class='ocrx_word' id='word_1_52' title='bbox 185 484 187 487; x_wconf 88' lang='lat'><em>·</em></span> <span class='ocrx_word' id='word_1_53' title='bbox 222 458 356 506; x_wconf 69' lang='lat' dir='ltr'><strong>denique</strong></span> <span class='ocrx_word' id='word_1_54' title='bbox 381 474 451 497; x_wconf 69' lang='lat' dir='ltr'><strong>cerm</strong></span> <span class='ocrx_word' id='word_1_55' title='bbox 481 466 531 497; x_wconf 87' lang='lat' dir='ltr'><strong>hic</strong></span> <span class='ocrx_word' id='word_1_56' title='bbox 560 474 675 504; x_wconf 86' lang='lat' dir='ltr'><strong>genera</strong></span> <span class='ocrx_word' id='word_1_57' title='bbox 704 465 867 497; x_wconf 86' lang='lat' dir='ltr'><strong>verborum</strong></span> <span class='ocrx_word' id='word_1_58' title='bbox 897 467 1060 505; x_wconf 90' lang='lat' dir='ltr'><strong>protulerit</strong></span> <span class='ocrx_word' id='word_1_59' title='bbox 1089 475 1214 504; x_wconf 87' lang='lat' dir='ltr'><strong>novem,</strong></span> <span class='ocrx_word' id='word_1_60' title='bbox 1243 467 1326 505; x_wconf 86' lang='lat' dir='ltr'><strong>apud</strong></span> <span class='ocrx_word' id='word_1_61' title='bbox 1356 465 1394 496; x_wconf 91' lang='lat' dir='ltr'><strong>D.</strong></span> <span class='ocrx_word' id='word_1_62' title='bbox 1415 465 1496 496; x_wconf 87' lang='lat' dir='ltr'><strong>sicut</strong></span> <span class='ocrx_word' id='word_1_63' title='bbox 1524 465 1608 504; x_wconf 87' lang='lat' dir='ltr'><strong>apud</strong></span> <span class='ocrx_word' id='word_1_64' title='bbox 1635 465 1802 504; x_wconf 85' lang='lat' dir='ltr'><strong>plerosque</strong></span> <span class='ocrx_word' id='word_1_65' title='bbox 1824 468 1950 496; x_wconf 77' lang='lat' dir='ltr'><strong>exstant</strong></span> 
     </span>
     <span class='ocr_line' id='line_1_20' title="bbox 160 520 1947 563; baseline -0.001 -9"><span class='ocrx_word' id='word_1_66' title='bbox 160 534 165 539; x_wconf 84' lang='grc'><em>·</em></span> <span class='ocrx_word' id='word_1_67' title='bbox 222 523 366 563; x_wconf 76' lang='lat' dir='ltr'><strong>quinque.</strong></span> <span class='ocrx_word' id='word_1_68' title='bbox 407 522 490 554; x_wconf 89' lang='lat' dir='ltr'><strong>adde</strong></span> <span class='ocrx_word' id='word_1_69' title='bbox 510 522 593 562; x_wconf 86' lang='lat' dir='ltr'><strong>quod</strong></span> <span class='ocrx_word' id='word_1_70' title='bbox 615 521 646 554; x_wconf 90' lang='lat' dir='ltr'><strong>S.</strong></span> <span class='ocrx_word' id='word_1_71' title='bbox 666 522 770 554; x_wconf 83' lang='lat' dir='ltr'><strong>verbis</strong></span> <span class='ocrx_word' id='word_1_72' title='bbox 792 520 1016 562; x_wconf 65' lang='lat' dir='ltr'><strong>deponentibus</strong></span> <span class='ocrx_word' id='word_1_73' title='bbox 1038 526 1070 555; x_wconf 90' lang='lat' dir='ltr'><strong>et</strong></span> <span class='ocrx_word' id='word_1_74' title='bbox 1090 523 1209 555; x_wconf 89' lang='lat' dir='ltr'><strong>neutris</strong></span> <span class='ocrx_word' id='word_1_75' title='bbox 1231 522 1395 563; x_wconf 84' lang='lat' dir='ltr'><strong>participia</strong></span> <span class='ocrx_word' id='word_1_76' title='bbox 1414 522 1523 554; x_wconf 80' lang='lat' dir='ltr'>tribuit</span> <span class='ocrx_word' id='word_1_77' title='bbox 1542 526 1692 561; x_wconf 90' lang='lat' dir='ltr'><strong>quatuor,</strong></span> <span class='ocrx_word' id='word_1_78' title='bbox 1713 521 1855 553; x_wconf 79' lang='lat' dir='ltr'><strong>Donatus</strong></span> <span class='ocrx_word' id='word_1_79' title='bbox 1876 522 1947 553; x_wconf 90' lang='lat' dir='ltr'><strong>duo.</strong></span> 
     </span>
     <span class='ocr_line' id='line_1_21' title="bbox 222 580 1243 620; baseline -0.001 -8"><span class='ocrx_word' id='word_1_80' title='bbox 222 580 309 612; x_wconf 85' lang='lat' dir='ltr'><strong>vides</strong></span> <span class='ocrx_word' id='word_1_81' title='bbox 331 580 427 620; x_wconf 79' lang='lat' dir='ltr'><strong>igitur</strong></span> <span class='ocrx_word' id='word_1_82' title='bbox 446 582 546 611; x_wconf 90' lang='lat' dir='ltr'><strong>totum</strong></span> <span class='ocrx_word' id='word_1_83' title='bbox 566 580 653 611; x_wconf 84' lang='lat' dir='ltr'><strong>verbi</strong></span> <span class='ocrx_word' id='word_1_84' title='bbox 674 583 813 620; x_wconf 76' lang='lat' dir='ltr'><strong>systema</strong></span> <span class='ocrx_word' id='word_1_85' title='bbox 834 590 963 619; x_wconf 82' lang='lat' dir='ltr'><strong>prorsus</strong></span> <span class='ocrx_word' id='word_1_86' title='bbox 984 590 1055 613; x_wconf 87' lang='lat' dir='ltr'><strong>esse</strong></span> <span class='ocrx_word' id='word_1_87' title='bbox 1077 581 1243 613; x_wconf 85' lang='lat' dir='ltr'><strong>diversum.</strong></span> 
     </span>
    </p>

    <p class='ocr_par' dir='ltr' id='par_1_4' title="bbox 194 636 1949 966">
     <span class='ocr_line' id='line_1_22' title="bbox 344 636 1949 678; baseline -0.001 -9"><span class='ocrx_word' id='word_1_88' title='bbox 344 637 433 676; x_wconf 82' lang='lat' dir='ltr'><strong>Quae</strong></span> <span class='ocrx_word' id='word_1_89' title='bbox 451 640 556 669; x_wconf 82' lang='lat' dir='ltr'><strong>autem</strong></span> <span class='ocrx_word' id='word_1_90' title='bbox 577 639 707 677; x_wconf 89' lang='lat' dir='ltr'><strong>uterque</strong></span> <span class='ocrx_word' id='word_1_91' title='bbox 728 637 767 669; x_wconf 91' lang='lat' dir='ltr'><strong>de</strong></span> <span class='ocrx_word' id='word_1_92' title='bbox 787 637 1012 677; x_wconf 78' lang='lat' dir='ltr'><strong>schematibus,</strong></span> <span class='ocrx_word' id='word_1_93' title='bbox 1035 639 1074 670; x_wconf 87' lang='lat' dir='ltr'><strong>de</strong></span> <span class='ocrx_word' id='word_1_94' title='bbox 1096 638 1308 678; x_wconf 86' lang='lat' dir='ltr'><strong>metaplasmis</strong></span> <span class='ocrx_word' id='word_1_95' title='bbox 1331 641 1387 669; x_wconf 91' lang='lat' dir='ltr'><strong>cet.</strong></span> <span class='ocrx_word' id='word_1_96' title='bbox 1414 637 1560 675; x_wconf 80' lang='lat' dir='ltr'><strong>tradidit,</strong></span> <span class='ocrx_word' id='word_1_97' title='bbox 1588 637 1620 667; x_wconf 94' lang='lat' dir='ltr'><strong>in</strong></span> <span class='ocrx_word' id='word_1_98' title='bbox 1647 636 1687 668; x_wconf 91' lang='lat' dir='ltr'><strong>iis</strong></span> <span class='ocrx_word' id='word_1_99' title='bbox 1716 645 1793 668; x_wconf 91' lang='lat' dir='ltr'><strong>sane</strong></span> <span class='ocrx_word' id='word_1_100' title='bbox 1822 637 1868 676; x_wconf 91' lang='lat' dir='ltr'><strong>is,</strong></span> <span class='ocrx_word' id='word_1_101' title='bbox 1897 636 1949 676; x_wconf 90' lang='lat' dir='ltr'><strong>qui</strong></span> 
     </span>
     <span class='ocr_line' id='line_1_23' title="bbox 221 694 1948 737; baseline -0.001 -9"><span class='ocrx_word' id='word_1_102' title='bbox 221 704 306 729; x_wconf 89' lang='lat' dir='ltr'><strong>more</strong></span> <span class='ocrx_word' id='word_1_103' title='bbox 319 695 482 728; x_wconf 73' lang='lat' dir='ltr'><strong>Wentzelii</strong></span> <span class='ocrx_word' id='word_1_104' title='bbox 502 694 645 727; x_wconf 87' lang='lat' dir='ltr'><strong>omnibus</strong></span> <span class='ocrx_word' id='word_1_105' title='bbox 665 695 874 735; x_wconf 75' lang='lat' dir='ltr'><strong>grammaticis</strong></span> <span class='ocrx_word' id='word_1_106' title='bbox 895 696 1022 737; x_wconf 89' lang='lat' dir='ltr'><strong>reliquis</strong></span> <span class='ocrx_word' id='word_1_107' title='bbox 1043 696 1193 737; x_wconf 85' lang='lat' dir='ltr'><strong>neglectis</strong></span> <span class='ocrx_word' id='word_1_108' title='bbox 1215 696 1314 728; x_wconf 92' lang='lat' dir='ltr'><strong>solum</strong></span> <span class='ocrx_word' id='word_1_109' title='bbox 1329 695 1485 727; x_wconf 78' lang='lat' dir='ltr'><strong>Donatum</strong></span> <span class='ocrx_word' id='word_1_110' title='bbox 1500 703 1569 727; x_wconf 89' lang='lat' dir='ltr'><strong>cum</strong></span> <span class='ocrx_word' id='word_1_111' title='bbox 1585 694 1752 728; x_wconf 84' lang='lat' dir='ltr'><strong>Sacerdote</strong></span> <span class='ocrx_word' id='word_1_112' title='bbox 1774 694 1948 732; x_wconf 76' lang='lat' dir='ltr'><strong>contulerit,</strong></span> 
     </span>
     <span class='ocr_line' id='line_1_24' title="bbox 220 753 1947 798; baseline -0.001 -12"><span class='ocrx_word' id='word_1_113' title='bbox 220 763 372 798; x_wconf 67' lang='lat' dir='ltr'><strong>persaepe</strong></span> <span class='ocrx_word' id='word_1_114' title='bbox 392 755 513 785; x_wconf 89' lang='lat' dir='ltr'><strong>tantum</strong></span> <span class='ocrx_word' id='word_1_115' title='bbox 534 761 718 785; x_wconf 89' lang='lat' dir='ltr'><strong>consensum</strong></span> <span class='ocrx_word' id='word_1_116' title='bbox 740 753 896 786; x_wconf 88' lang='lat' dir='ltr'><strong>invenisse</strong></span> <span class='ocrx_word' id='word_1_117' title='bbox 918 754 977 786; x_wconf 88' lang='lat' dir='ltr'><strong>sibi</strong></span> <span class='ocrx_word' id='word_1_118' title='bbox 991 755 1159 794; x_wconf 88' lang='lat' dir='ltr'><strong>videbitur,</strong></span> <span class='ocrx_word' id='word_1_119' title='bbox 1179 757 1215 785; x_wconf 89' lang='lat' dir='ltr'><strong>ut</strong></span> <span class='ocrx_word' id='word_1_120' title='bbox 1230 754 1383 785; x_wconf 86' lang='lat' dir='ltr'><strong>Donatum</strong></span> <span class='ocrx_word' id='word_1_121' title='bbox 1399 763 1435 785; x_wconf 82' lang='lat' dir='ltr'><strong>ex</strong></span> <span class='ocrx_word' id='word_1_122' title='bbox 1450 753 1619 785; x_wconf 82' lang='lat' dir='ltr'><strong>Sacerdote</strong></span> <span class='ocrx_word' id='word_1_123' title='bbox 1633 753 1776 785; x_wconf 83' lang='lat' dir='ltr'><strong>hausisse</strong></span> <span class='ocrx_word' id='word_1_124' title='bbox 1791 754 1947 785; x_wconf 86' lang='lat' dir='ltr'><strong>statuerit.</strong></span> 
     </span>
     <span class='ocr_line' id='line_1_25' title="bbox 194 810 1947 853; baseline -0.001 -9"><span class='ocrx_word' id='word_1_125' title='bbox 194 824 195 827; x_wconf 48' lang='lat'>¹</span> <span class='ocrx_word' id='word_1_126' title='bbox 221 812 278 844; x_wconf 86' lang='lat' dir='ltr'><strong>sed</strong></span> <span class='ocrx_word' id='word_1_127' title='bbox 299 812 351 851; x_wconf 87' lang='lat' dir='ltr'><strong>qui</strong></span> <span class='ocrx_word' id='word_1_128' title='bbox 372 810 543 843; x_wconf 74' lang='lat' dir='ltr'><strong>doctrinam</strong></span> <span class='ocrx_word' id='word_1_129' title='bbox 564 811 613 842; x_wconf 87' lang='lat' dir='ltr'><strong>vel</strong></span> <span class='ocrx_word' id='word_1_130' title='bbox 634 811 738 850; x_wconf 87' lang='lat' dir='ltr'><strong>potius</strong></span> <span class='ocrx_word' id='word_1_131' title='bbox 761 811 884 851; x_wconf 83' lang='lat' dir='ltr'><strong>singula</strong></span> <span class='ocrx_word' id='word_1_132' title='bbox 905 812 1000 844; x_wconf 90' lang='lat' dir='ltr'><strong>verba</strong></span> <span class='ocrx_word' id='word_1_133' title='bbox 1020 814 1128 844; x_wconf 90' lang='lat' dir='ltr'><strong>horum</strong></span> <span class='ocrx_word' id='word_1_134' title='bbox 1150 812 1417 852; x_wconf 85' lang='lat' dir='ltr'><strong>grammaticorum</strong></span> <span class='ocrx_word' id='word_1_135' title='bbox 1447 812 1540 843; x_wconf 90' lang='lat' dir='ltr'><strong>etiam</strong></span> <span class='ocrx_word' id='word_1_136' title='bbox 1567 820 1635 842; x_wconf 89' lang='lat' dir='ltr'><strong>cum</strong></span> <span class='ocrx_word' id='word_1_137' title='bbox 1657 811 1816 853; x_wconf 81' lang='lat' dir='ltr'><strong>Diomedis</strong></span> <span class='ocrx_word' id='word_1_138' title='bbox 1839 810 1947 842; x_wconf 89' lang='lat' dir='ltr'><strong>Chari-</strong></span> 
     </span>
     <span class='ocr_line' id='line_1_26' title="bbox 221 868 1948 908; baseline -0.001 -8"><span class='ocrx_word' id='word_1_139' title='bbox 221 869 320 908; x_wconf 89' lang='lat' dir='ltr'><strong>siique</strong></span> <span class='ocrx_word' id='word_1_140' title='bbox 340 868 593 907; x_wconf 84' lang='lat' dir='ltr'><strong>explicationibus</strong></span> <span class='ocrx_word' id='word_1_141' title='bbox 614 869 852 907; x_wconf 83' lang='lat' dir='ltr'><strong>comparaverit,</strong></span> <span class='ocrx_word' id='word_1_142' title='bbox 873 869 1028 902; x_wconf 86' lang='lat' dir='ltr'><strong>Donatum</strong></span> <span class='ocrx_word' id='word_1_143' title='bbox 1050 881 1090 903; x_wconf 86' lang='lat' dir='ltr'><strong>ne</strong></span> <span class='ocrx_word' id='word_1_144' title='bbox 1116 870 1223 901; x_wconf 85' lang='lat' dir='ltr'><strong>eodem</strong></span> <span class='ocrx_word' id='word_1_145' title='bbox 1249 869 1370 908; x_wconf 86' lang='lat' dir='ltr'><strong>quidem</strong></span> <span class='ocrx_word' id='word_1_146' title='bbox 1386 868 1472 899; x_wconf 83' lang='lat' dir='ltr'><strong>fonte</strong></span> <span class='ocrx_word' id='word_1_147' title='bbox 1487 870 1581 907; x_wconf 88' lang='lat' dir='ltr'><strong>atque</strong></span> <span class='ocrx_word' id='word_1_148' title='bbox 1599 868 1811 906; x_wconf 87' lang='lat' dir='ltr'><strong>Sacerdotem,</strong></span> <span class='ocrx_word' id='word_1_149' title='bbox 1833 868 1948 899; x_wconf 89' lang='lat' dir='ltr'><strong>nedum</strong></span> 
     </span>
     <span class='ocr_line' id='line_1_27' title="bbox 222 925 1405 966; baseline -0.001 -8"><span class='ocrx_word' id='word_1_150' title='bbox 222 925 315 958; x_wconf 86' lang='lat' dir='ltr'><strong>huius</strong></span> <span class='ocrx_word' id='word_1_151' title='bbox 335 925 434 966; x_wconf 87' lang='lat' dir='ltr'><strong>ipsius</strong></span> <span class='ocrx_word' id='word_1_152' title='bbox 456 928 524 957; x_wconf 87' lang='lat' dir='ltr'><strong>arte</strong></span> <span class='ocrx_word' id='word_1_153' title='bbox 544 926 746 965; x_wconf 86' lang='lat' dir='ltr'><strong>grammatica</strong></span> <span class='ocrx_word' id='word_1_154' title='bbox 767 934 856 958; x_wconf 91' lang='lat' dir='ltr'><strong>usum</strong></span> <span class='ocrx_word' id='word_1_155' title='bbox 878 935 948 958; x_wconf 87' lang='lat' dir='ltr'><strong>esse</strong></span> <span class='ocrx_word' id='word_1_156' title='bbox 970 926 1138 958; x_wconf 86' lang='lat' dir='ltr'><strong>concedere</strong></span> <span class='ocrx_word' id='word_1_157' title='bbox 1160 936 1220 958; x_wconf 90' lang='lat' dir='ltr'><strong>non</strong></span> <span class='ocrx_word' id='word_1_158' title='bbox 1243 926 1405 957; x_wconf 85' lang='lat' dir='ltr'><strong>dubitabit.</strong></span> 
     </span>
    </p>

    <p class='ocr_par' dir='ltr' id='par_1_5' title="bbox 192 982 1948 1539">
     <span class='ocr_line' id='line_1_28' title="bbox 345 982 1948 1022; baseline 0 -9"><span class='ocrx_word' id='word_1_159' title='bbox 345 983 407 1014; x_wconf 88' lang='lat' dir='ltr'><strong>Sed</strong></span> <span class='ocrx_word' id='word_1_160' title='bbox 426 986 462 1013; x_wconf 90' lang='lat' dir='ltr'><strong>ut</strong></span> <span class='ocrx_word' id='word_1_161' title='bbox 475 983 523 1013; x_wconf 78' lang='lat' dir='ltr'><strong>‘ad</strong></span> <span class='ocrx_word' id='word_1_162' title='bbox 545 982 723 1014; x_wconf 88' lang='lat' dir='ltr'><strong>Diomedem</strong></span> <span class='ocrx_word' id='word_1_163' title='bbox 745 983 924 1022; x_wconf 87' lang='lat' dir='ltr'><strong>redeamus,</strong></span> <span class='ocrx_word' id='word_1_164' title='bbox 953 984 1122 1014; x_wconf 90' lang='lat' dir='ltr'><strong>secundum</strong></span> <span class='ocrx_word' id='word_1_165' title='bbox 1144 984 1234 1015; x_wconf 89' lang='lat' dir='ltr'><strong>huius</strong></span> <span class='ocrx_word' id='word_1_166' title='bbox 1257 988 1440 1021; x_wconf 84' lang='lat' dir='ltr'><strong>auctorem„</strong></span> <span class='ocrx_word' id='word_1_167' title='bbox 1454 992 1546 1022; x_wconf 91' lang='lat' dir='ltr'><strong>quem</strong></span> <span class='ocrx_word' id='word_1_168' title='bbox 1574 982 1734 1014; x_wconf 85' lang='lat' dir='ltr'><strong>Charisius</strong></span> <span class='ocrx_word' id='word_1_169' title='bbox 1763 991 1886 1022; x_wconf 84' lang='lat' dir='ltr'><strong>quoque</strong></span> <span class='ocrx_word' id='word_1_170' title='bbox 1915 986 1948 1013; x_wconf 90' lang='lat' dir='ltr'><strong>et</strong></span> 
     </span>
     <span class='ocr_line' id='line_1_29' title="bbox 220 1040 1948 1080; baseline 0 -9"><span class='ocrx_word' id='word_1_171' title='bbox 220 1040 306 1072; x_wconf 86' lang='lat' dir='ltr'><strong>haud</strong></span> <span class='ocrx_word' id='word_1_172' title='bbox 327 1048 398 1072; x_wconf 89' lang='lat' dir='ltr'><strong>raro</strong></span> <span class='ocrx_word' id='word_1_173' title='bbox 420 1040 572 1071; x_wconf 86' lang='lat' dir='ltr'><strong>Sacerdos</strong></span> <span class='ocrx_word' id='word_1_174' title='bbox 594 1042 718 1071; x_wconf 89' lang='lat' dir='ltr'><strong>secutus</strong></span> <span class='ocrx_word' id='word_1_175' title='bbox 740 1044 805 1080; x_wconf 90' lang='lat' dir='ltr'><strong>est,</strong></span> <span class='ocrx_word' id='word_1_176' title='bbox 826 1040 1097 1072; x_wconf 88' lang='lat' dir='ltr'><strong>Cominiauum</strong></span> <span class='ocrx_word' id='word_1_177' title='bbox 1118 1040 1214 1073; x_wconf 83' lang='lat' dir='ltr'><strong>fuisse</strong></span> <span class='ocrx_word' id='word_1_178' title='bbox 1229 1041 1303 1072; x_wconf 84' lang='lat' dir='ltr'><strong>mihi</strong></span> <span class='ocrx_word' id='word_1_179' title='bbox 1318 1043 1448 1072; x_wconf 89' lang='lat' dir='ltr'><strong>constat.</strong></span> <span class='ocrx_word' id='word_1_180' title='bbox 1491 1040 1656 1071; x_wconf 85' lang='lat' dir='ltr'><strong>Diomedes</strong></span> <span class='ocrx_word' id='word_1_181' title='bbox 1672 1040 1753 1071; x_wconf 89' lang='lat' dir='ltr'><strong>enim</strong></span> <span class='ocrx_word' id='word_1_182' title='bbox 1768 1049 1830 1072; x_wconf 89' lang='lat' dir='ltr'><strong>non</strong></span> <span class='ocrx_word' id='word_1_183' title='bbox 1847 1040 1948 1071; x_wconf 88' lang='lat' dir='ltr'><strong>solum</strong></span> 
     </span>
     <span class='ocr_line' id='line_1_30' title="bbox 192 1097 1948 1137; baseline -0.001 -8"><span class='ocrx_word' id='word_1_184' title='bbox 192 1113 194 1115; x_wconf 97' lang='lat'>·</span> <span class='ocrx_word' id='word_1_185' title='bbox 221 1098 253 1129; x_wconf 92' lang='lat' dir='ltr'><strong>in</strong></span> <span class='ocrx_word' id='word_1_186' title='bbox 274 1097 464 1137; x_wconf 83' lang='lat' dir='ltr'><strong>explicandis</strong></span> <span class='ocrx_word' id='word_1_187' title='bbox 485 1097 693 1134; x_wconf 88' lang='lat' dir='ltr'><strong>schematibus</strong></span> <span class='ocrx_word' id='word_1_188' title='bbox 721 1100 753 1128; x_wconf 90' lang='lat' dir='ltr'><strong>et</strong></span> <span class='ocrx_word' id='word_1_189' title='bbox 781 1099 994 1137; x_wconf 85' lang='lat' dir='ltr'><strong>metaplasmis</strong></span> <span class='ocrx_word' id='word_1_190' title='bbox 1023 1099 1079 1129; x_wconf 88' lang='lat' dir='ltr'><strong>sed</strong></span> <span class='ocrx_word' id='word_1_191' title='bbox 1108 1098 1200 1129; x_wconf 88' lang='lat' dir='ltr'><strong>etiam</strong></span> <span class='ocrx_word' id='word_1_192' title='bbox 1228 1099 1259 1129; x_wconf 93' lang='lat' dir='ltr'><strong>in</strong></span> <span class='ocrx_word' id='word_1_193' title='bbox 1289 1098 1460 1129; x_wconf 84' lang='lat' dir='ltr'><strong>tractandis</strong></span> <span class='ocrx_word' id='word_1_194' title='bbox 1491 1097 1574 1128; x_wconf 85' lang='lat' dir='ltr'><strong>vitiis</strong></span> <span class='ocrx_word' id='word_1_195' title='bbox 1603 1097 1753 1128; x_wconf 88' lang='lat' dir='ltr'><strong>orationis</strong></span> <span class='ocrx_word' id='word_1_196' title='bbox 1787 1097 1948 1136; x_wconf 88' lang='lat' dir='ltr'><strong>tropisque</strong></span> 
     </span>
     <span class='ocr_line' id='line_1_31' title="bbox 220 1154 1947 1194; baseline -0.001 -8"><span class='ocrx_word' id='word_1_197' title='bbox 220 1157 376 1186; x_wconf 87' lang='lat' dir='ltr'><strong>auctorem</strong></span> <span class='ocrx_word' id='word_1_198' title='bbox 397 1154 538 1185; x_wconf 88' lang='lat' dir='ltr'><strong>adhibuit</strong></span> <span class='ocrx_word' id='word_1_199' title='bbox 559 1154 699 1186; x_wconf 87' lang='lat' dir='ltr'><strong>Charisii.</strong></span> <span class='ocrx_word' id='word_1_200' title='bbox 742 1163 810 1186; x_wconf 90' lang='lat' dir='ltr'><strong>cum</strong></span> <span class='ocrx_word' id='word_1_201' title='bbox 832 1164 904 1187; x_wconf 89' lang='lat' dir='ltr'><strong>vero</strong></span> <span class='ocrx_word' id='word_1_202' title='bbox 925 1155 975 1186; x_wconf 90' lang='lat' dir='ltr'><strong>hic</strong></span> <span class='ocrx_word' id='word_1_203' title='bbox 990 1155 1146 1187; x_wconf 89' lang='lat' dir='ltr'><strong>disserens</strong></span> <span class='ocrx_word' id='word_1_204' title='bbox 1162 1156 1201 1186; x_wconf 91' lang='lat' dir='ltr'><strong>de</strong></span> <span class='ocrx_word' id='word_1_205' title='bbox 1215 1155 1406 1186; x_wconf 86' lang='lat' dir='ltr'><strong>barbarismo</strong></span> <span class='ocrx_word' id='word_1_206' title='bbox 1422 1158 1454 1186; x_wconf 89' lang='lat' dir='ltr'><strong>et</strong></span> <span class='ocrx_word' id='word_1_207' title='bbox 1470 1155 1652 1186; x_wconf 88' lang='lat' dir='ltr'><strong>soloecismo</strong></span> <span class='ocrx_word' id='word_1_208' title='bbox 1667 1154 1801 1194; x_wconf 86' lang='lat' dir='ltr'><strong>priorem</strong></span> <span class='ocrx_word' id='word_1_209' title='bbox 1816 1155 1947 1186; x_wconf 89' lang='lat' dir='ltr'><strong>duorum</strong></span> 
     </span>
     <span class='ocr_line' id='line_1_32' title="bbox 222 1211 1945 1252; baseline 0.001 -10"><span class='ocrx_word' id='word_1_210' title='bbox 222 1214 392 1250; x_wconf 86' lang='lat' dir='ltr'><strong>auctorum,</strong></span> <span class='ocrx_word' id='word_1_211' title='bbox 412 1220 490 1250; x_wconf 88' lang='lat' dir='ltr'><strong>quos</strong></span> <span class='ocrx_word' id='word_1_212' title='bbox 510 1211 554 1242; x_wconf 86' lang='lat' dir='ltr'><strong>ibi</strong></span> <span class='ocrx_word' id='word_1_213' title='bbox 569 1212 740 1251; x_wconf 85' lang='lat' dir='ltr'><strong>exscripsit,</strong></span> <span class='ocrx_word' id='word_1_214' title='bbox 761 1212 972 1244; x_wconf 87' lang='lat' dir='ltr'><strong>Cominianum</strong></span> <span class='ocrx_word' id='word_1_215' title='bbox 986 1212 1082 1244; x_wconf 88' lang='lat' dir='ltr'><strong>fuisse</strong></span> <span class='ocrx_word' id='word_1_216' title='bbox 1096 1212 1163 1252; x_wconf 87' lang='lat' dir='ltr'><strong>ipse</strong></span> <span class='ocrx_word' id='word_1_217' title='bbox 1179 1214 1369 1251; x_wconf 74' lang='lat' dir='ltr'><strong>testetur⁶²J</strong></span> <span class='ocrx_word' id='word_1_218' title='bbox 1392 1214 1506 1244; x_wconf 87' lang='lat' dir='ltr'><strong>etcum</strong></span> <span class='ocrx_word' id='word_1_219' title='bbox 1521 1212 1605 1251; x_wconf 90' lang='lat' dir='ltr'><strong>apud</strong></span> <span class='ocrx_word' id='word_1_220' title='bbox 1619 1212 1800 1243; x_wconf 87' lang='lat' dir='ltr'><strong>Diomedem</strong></span> <span class='ocrx_word' id='word_1_221' title='bbox 1815 1211 1945 1244; x_wconf 75' lang='lat' dir='ltr'><strong>alterius</strong></span> 
     </span>
     <span class='ocr_line' id='line_1_33' title="bbox 219 1268 1946 1309; baseline 0 -9"><span class='ocrx_word' id='word_1_222' title='bbox 219 1268 351 1300; x_wconf 85' lang='lat' dir='ltr'><strong>Charisii</strong></span> <span class='ocrx_word' id='word_1_223' title='bbox 372 1268 507 1299; x_wconf 88' lang='lat' dir='ltr'><strong>auctoris</strong></span> <span class='ocrx_word' id='word_1_224' title='bbox 528 1268 645 1299; x_wconf 90' lang='lat' dir='ltr'><strong>nullum</strong></span> <span class='ocrx_word' id='word_1_225' title='bbox 667 1269 839 1308; x_wconf 86' lang='lat' dir='ltr'><strong>reperiatur</strong></span> <span class='ocrx_word' id='word_1_226' title='bbox 859 1270 1040 1309; x_wconf 82' lang='lat' dir='ltr'><strong>vestigium,</strong></span> <span class='ocrx_word' id='word_1_227' title='bbox 1062 1270 1239 1301; x_wconf 87' lang='lat' dir='ltr'><strong>Cominiano</strong></span> <span class='ocrx_word' id='word_1_228' title='bbox 1260 1273 1361 1301; x_wconf 86' lang='lat' dir='ltr'><strong>autem</strong></span> <span class='ocrx_word' id='word_1_229' title='bbox 1379 1278 1432 1308; x_wconf 88' lang='lat' dir='ltr'><strong>ea,</strong></span> <span class='ocrx_word' id='word_1_230' title='bbox 1453 1269 1578 1308; x_wconf 88' lang='lat' dir='ltr'><strong>quaein</strong></span> <span class='ocrx_word' id='word_1_231' title='bbox 1595 1268 1682 1299; x_wconf 89' lang='lat' dir='ltr'><strong>initio</strong></span> <span class='ocrx_word' id='word_1_232' title='bbox 1697 1269 1737 1299; x_wconf 87' lang='lat' dir='ltr'><strong>de</strong></span> <span class='ocrx_word' id='word_1_233' title='bbox 1754 1269 1946 1300; x_wconf 84' lang='lat' dir='ltr'><strong>barbarismo</strong></span> 
     </span>
     <span class='ocr_line' id='line_1_34' title="bbox 220 1325 1944 1367; baseline 0.001 -10"><span class='ocrx_word' id='word_1_234' title='bbox 220 1325 380 1366; x_wconf 85' lang='lat' dir='ltr'><strong>leguntur,</strong></span> <span class='ocrx_word' id='word_1_235' title='bbox 402 1328 484 1357; x_wconf 90' lang='lat' dir='ltr'><strong>certe</strong></span> <span class='ocrx_word' id='word_1_236' title='bbox 505 1325 752 1367; x_wconf 76' lang='lat' dir='ltr'><strong>debeantur⁶⁸):</strong></span> <span class='ocrx_word' id='word_1_237' title='bbox 782 1327 831 1358; x_wconf 86' lang='lat' dir='ltr'><strong>vix</strong></span> <span class='ocrx_word' id='word_1_238' title='bbox 852 1326 988 1358; x_wconf 89' lang='lat' dir='ltr'><strong>dubitari</strong></span> <span class='ocrx_word' id='word_1_239' title='bbox 1009 1330 1126 1367; x_wconf 86' lang='lat' dir='ltr'><strong>potest,</strong></span> <span class='ocrx_word' id='word_1_240' title='bbox 1148 1327 1220 1366; x_wconf 89' lang='lat' dir='ltr'><strong>quin</strong></span> <span class='ocrx_word' id='word_1_241' title='bbox 1242 1326 1421 1359; x_wconf 83' lang='lat' dir='ltr'><strong>Cominiano</strong></span> <span class='ocrx_word' id='word_1_242' title='bbox 1442 1335 1479 1358; x_wconf 92' lang='lat' dir='ltr'><strong>ea</strong></span> <span class='ocrx_word' id='word_1_243' title='bbox 1508 1335 1629 1366; x_wconf 88' lang='lat' dir='ltr'><strong>quoque</strong></span> <span class='ocrx_word' id='word_1_244' title='bbox 1655 1326 1841 1358; x_wconf 86' lang='lat' dir='ltr'><strong>vindicanda</strong></span> <span class='ocrx_word' id='word_1_245' title='bbox 1871 1326 1944 1365; x_wconf 82' lang='lat' dir='ltr'><strong>sint,</strong></span> 
     </span>
     <span class='ocr_line' id='line_1_35' title="bbox 221 1382 1945 1423; baseline 0.001 -10"><span class='ocrx_word' id='word_1_246' title='bbox 221 1391 301 1422; x_wconf 86' lang='lat' dir='ltr'><strong>quae</strong></span> <span class='ocrx_word' id='word_1_247' title='bbox 328 1382 487 1414; x_wconf 88' lang='lat' dir='ltr'><strong>Charisius</strong></span> <span class='ocrx_word' id='word_1_248' title='bbox 508 1385 540 1413; x_wconf 90' lang='lat' dir='ltr'><strong>et</strong></span> <span class='ocrx_word' id='word_1_249' title='bbox 561 1383 727 1414; x_wconf 89' lang='lat' dir='ltr'><strong>Diomedes</strong></span> <span class='ocrx_word' id='word_1_250' title='bbox 757 1384 796 1414; x_wconf 95' lang='lat' dir='ltr'><strong>de</strong></span> <span class='ocrx_word' id='word_1_251' title='bbox 824 1384 933 1415; x_wconf 86' lang='lat' dir='ltr'><strong>ceteris</strong></span> <span class='ocrx_word' id='word_1_252' title='bbox 964 1384 1063 1422; x_wconf 90' lang='lat' dir='ltr'><strong>vitiis,</strong></span> <span class='ocrx_word' id='word_1_253' title='bbox 1090 1384 1130 1415; x_wconf 89' lang='lat' dir='ltr'><strong>de</strong></span> <span class='ocrx_word' id='word_1_254' title='bbox 1158 1384 1387 1423; x_wconf 88' lang='lat' dir='ltr'><strong>metaplasmis,</strong></span> <span class='ocrx_word' id='word_1_255' title='bbox 1415 1384 1455 1414; x_wconf 91' lang='lat' dir='ltr'><strong>de</strong></span> <span class='ocrx_word' id='word_1_256' title='bbox 1482 1383 1708 1421; x_wconf 89' lang='lat' dir='ltr'><strong>schematibus,</strong></span> <span class='ocrx_word' id='word_1_257' title='bbox 1736 1384 1776 1414; x_wconf 91' lang='lat' dir='ltr'><strong>de</strong></span> <span class='ocrx_word' id='word_1_258' title='bbox 1802 1384 1902 1423; x_wconf 88' lang='lat' dir='ltr'><strong>tropis</strong></span> <span class='ocrx_word' id='word_1_259' title='bbox 1925 1393 1945 1415; x_wconf 89' lang='lat' dir='ltr'><strong>a</strong></span> 
     </span>
     <span class='ocr_line' id='line_1_36' title="bbox 220 1440 1946 1481; baseline 0.001 -10"><span class='ocrx_word' id='word_1_260' title='bbox 220 1440 373 1472; x_wconf 86' lang='lat' dir='ltr'><strong>communi</strong></span> <span class='ocrx_word' id='word_1_261' title='bbox 394 1442 520 1472; x_wconf 79' lang='lat' dir='ltr'><strong>auctore</strong></span> <span class='ocrx_word' id='word_1_262' title='bbox 541 1440 828 1480; x_wconf 67' lang='lat' dir='ltr'><strong>derivaveruntu).</strong></span> <span class='ocrx_word' id='word_1_263' title='bbox 871 1442 991 1473; x_wconf 85' lang='lat' dir='ltr'><strong>accedit</strong></span> <span class='ocrx_word' id='word_1_264' title='bbox 1013 1442 1095 1481; x_wconf 91' lang='lat' dir='ltr'><strong>quod</strong></span> <span class='ocrx_word' id='word_1_265' title='bbox 1117 1442 1297 1473; x_wconf 91' lang='lat' dir='ltr'><strong>Diomedem</strong></span> <span class='ocrx_word' id='word_1_266' title='bbox 1326 1441 1406 1473; x_wconf 90' lang='lat' dir='ltr'><strong>sicut</strong></span> <span class='ocrx_word' id='word_1_267' title='bbox 1427 1441 1601 1473; x_wconf 86' lang='lat' dir='ltr'><strong>Charisium</strong></span> <span class='ocrx_word' id='word_1_268' title='bbox 1630 1441 1700 1472; x_wconf 90' lang='lat' dir='ltr'><strong>aliis</strong></span> <span class='ocrx_word' id='word_1_269' title='bbox 1729 1441 1807 1473; x_wconf 86' lang='lat' dir='ltr'><strong>locis</strong></span> <span class='ocrx_word' id='word_1_270' title='bbox 1837 1441 1946 1473; x_wconf 89' lang='lat' dir='ltr'><strong>multis</strong></span> 
     </span>
     <span class='ocr_line' id='line_1_37' title="bbox 215 1495 1097 1539; baseline 0.001 -10"><span class='ocrx_word' id='word_1_271' title='bbox 215 1495 327 1529; x_wconf 87' lang='lat' dir='ltr'><strong>‘artem&#39;</strong></span> <span class='ocrx_word' id='word_1_272' title='bbox 351 1497 444 1528; x_wconf 88' lang='lat' dir='ltr'><strong>huius</strong></span> <span class='ocrx_word' id='word_1_273' title='bbox 465 1498 658 1536; x_wconf 86' lang='lat' dir='ltr'><strong>grammatici</strong></span> <span class='ocrx_word' id='word_1_274' title='bbox 679 1498 881 1538; x_wconf 85' lang='lat' dir='ltr'><strong>exscripsisse</strong></span> <span class='ocrx_word' id='word_1_275' title='bbox 903 1500 1097 1539; x_wconf 79' lang='lat' dir='ltr'><strong>constat⁶⁵).</strong></span> 
     </span>
    </p>

    <p class='ocr_par' dir='ltr' id='par_1_6' title="bbox 216 1555 1946 1653">
     <span class='ocr_line' id='line_1_38' title="bbox 342 1555 1946 1595; baseline 0.001 -10"><span class='ocrx_word' id='word_1_276' title='bbox 342 1555 402 1592; x_wconf 84' lang='lat' dir='ltr'><strong>Qui</strong></span> <span class='ocrx_word' id='word_1_277' title='bbox 422 1555 569 1586; x_wconf 88' lang='lat' dir='ltr'><strong>tertius</strong></span> <span class='ocrx_word' id='word_1_278' title='bbox 591 1555 795 1587; x_wconf 89' lang='lat' dir='ltr'><strong>Diomedis</strong></span> <span class='ocrx_word' id='word_1_279' title='bbox 817 1558 957 1587; x_wconf 89' lang='lat' dir='ltr'><strong>auctor</strong></span> <span class='ocrx_word' id='word_1_280' title='bbox 976 1557 1078 1594; x_wconf 88' lang='lat' dir='ltr'><strong>fuerit,</strong></span> <span class='ocrx_word' id='word_1_281' title='bbox 1099 1560 1237 1587; x_wconf 87' lang='lat' dir='ltr'><strong>statuere</strong></span> <span class='ocrx_word' id='word_1_282' title='bbox 1253 1557 1326 1587; x_wconf 90' lang='lat' dir='ltr'><strong>mihi</strong></span> <span class='ocrx_word' id='word_1_283' title='bbox 1341 1565 1402 1587; x_wconf 89' lang='lat' dir='ltr'><strong>non</strong></span> <span class='ocrx_word' id='word_1_284' title='bbox 1417 1556 1554 1595; x_wconf 85' lang='lat' dir='ltr'><strong>contigit.</strong></span> <span class='ocrx_word' id='word_1_285' title='bbox 1569 1573 1609 1578; x_wconf 92' lang='lat'><em>-</em></span> <span class='ocrx_word' id='word_1_286' title='bbox 1632 1556 1678 1586; x_wconf 89' lang='lat' dir='ltr'><strong>De</strong></span> <span class='ocrx_word' id='word_1_287' title='bbox 1700 1556 1850 1587; x_wconf 86' lang='lat' dir='ltr'><strong>Scauro</strong></span> <span class='ocrx_word' id='word_1_288' title='bbox 1872 1565 1946 1587; x_wconf 84' lang='lat' dir='ltr'><strong>vero</strong></span> 
     </span>
     <span class='ocr_line' id='line_1_39' title="bbox 216 1611 1946 1653; baseline 0.001 -11"><span class='ocrx_word' id='word_1_289' title='bbox 216 1620 317 1651; x_wconf 88' lang='lat' dir='ltr'><strong>pauca</strong></span> <span class='ocrx_word' id='word_1_290' title='bbox 338 1614 412 1643; x_wconf 89' lang='lat' dir='ltr'><strong>sunt</strong></span> <span class='ocrx_word' id='word_1_291' title='bbox 432 1611 584 1643; x_wconf 88' lang='lat' dir='ltr'><strong>addenda.</strong></span> <span class='ocrx_word' id='word_1_292' title='bbox 627 1620 695 1643; x_wconf 92' lang='lat' dir='ltr'><strong>cum</strong></span> <span class='ocrx_word' id='word_1_293' title='bbox 717 1612 797 1644; x_wconf 90' lang='lat' dir='ltr'><strong>enim</strong></span> <span class='ocrx_word' id='word_1_294' title='bbox 818 1612 910 1644; x_wconf 89' lang='lat' dir='ltr'><strong>huius</strong></span> <span class='ocrx_word' id='word_1_295' title='bbox 932 1612 1126 1645; x_wconf 87' lang='lat' dir='ltr'><strong>definitiones</strong></span> <span class='ocrx_word' id='word_1_296' title='bbox 1148 1614 1230 1653; x_wconf 86' lang='lat' dir='ltr'><strong>apud</strong></span> <span class='ocrx_word' id='word_1_297' title='bbox 1246 1613 1424 1645; x_wconf 89' lang='lat' dir='ltr'><strong>Diomedem</strong></span> <span class='ocrx_word' id='word_1_298' title='bbox 1447 1622 1541 1652; x_wconf 88' lang='lat' dir='ltr'><strong>saepe</strong></span> <span class='ocrx_word' id='word_1_299' title='bbox 1562 1612 1680 1644; x_wconf 92' lang='lat' dir='ltr'><strong>nullum</strong></span> <span class='ocrx_word' id='word_1_300' title='bbox 1696 1612 1830 1652; x_wconf 87' lang='lat' dir='ltr'><strong>excipiat</strong></span> <span class='ocrx_word' id='word_1_301' title='bbox 1844 1622 1946 1644; x_wconf 87' lang='lat' dir='ltr'><strong>exem-</strong></span> 
     </span>
    </p>
   </div>
   <div class='ocr_carea' id='block_1_4' title="bbox 211 1757 1946 2342">
    <p class='ocr_par' dir='ltr' id='par_1_7' title="bbox 340 1757 1945 1850">
     <span class='ocr_line' id='line_1_40' title="bbox 341 1757 1945 1798; baseline 0.001 -9"><span class='ocrx_word' id='word_1_302' title='bbox 341 1760 393 1798; x_wconf 84' lang='lat'><strong>62)</strong></span> <span class='ocrx_word' id='word_1_303' title='bbox 413 1770 441 1798; x_wconf 88' lang='lat' dir='ltr'><strong>p.</strong></span> <span class='ocrx_word' id='word_1_304' title='bbox 458 1763 527 1797; x_wconf 88' lang='grc'><strong>265,</strong></span> <span class='ocrx_word' id='word_1_305' title='bbox 544 1764 577 1790; x_wconf 85' lang='lat'><strong>2:</strong></span> <span class='ocrx_word' id='word_1_306' title='bbox 598 1757 651 1790; x_wconf 81' lang='lat' dir='ltr'><strong>‘De</strong></span> <span class='ocrx_word' id='word_1_307' title='bbox 665 1762 849 1797; x_wconf 84' lang='lat' dir='ltr'><strong>barbarismo,</strong></span> <span class='ocrx_word' id='word_1_308' title='bbox 871 1765 904 1792; x_wconf 86' lang='lat' dir='ltr'><strong>ut</strong></span> <span class='ocrx_word' id='word_1_309' title='bbox 925 1762 967 1791; x_wconf 88' lang='lat' dir='ltr'><strong>ait</strong></span> <span class='ocrx_word' id='word_1_310' title='bbox 984 1759 1189 1797; x_wconf 86' lang='lat' dir='ltr'><strong>Cominianus’;</strong></span> <span class='ocrx_word' id='word_1_311' title='bbox 1212 1766 1280 1798; x_wconf 83' lang='lat'><strong>266,</strong></span> <span class='ocrx_word' id='word_1_312' title='bbox 1299 1765 1353 1791; x_wconf 87' lang='lat'><strong>15:</strong></span> <span class='ocrx_word' id='word_1_313' title='bbox 1374 1758 1426 1791; x_wconf 82' lang='lat' dir='ltr'><strong>&#39;De</strong></span> <span class='ocrx_word' id='word_1_314' title='bbox 1439 1761 1616 1797; x_wconf 81' lang='lat' dir='ltr'><strong>soloecismo,</strong></span> <span class='ocrx_word' id='word_1_315' title='bbox 1637 1764 1670 1791; x_wconf 88' lang='lat' dir='ltr'><strong>ut</strong></span> <span class='ocrx_word' id='word_1_316' title='bbox 1686 1761 1728 1791; x_wconf 87' lang='lat' dir='ltr'><strong>ait</strong></span> <span class='ocrx_word' id='word_1_317' title='bbox 1743 1761 1945 1791; x_wconf 75' lang='lat' dir='ltr'><strong>Cominianus’.</strong></span> 
     </span>
     <span class='ocr_line' id='line_1_41' title="bbox 340 1810 1691 1850; baseline 0.001 -12"><span class='ocrx_word' id='word_1_318' title='bbox 340 1810 392 1848; x_wconf 85' lang='lat'><strong>63)</strong></span> <span class='ocrx_word' id='word_1_319' title='bbox 413 1811 449 1840; x_wconf 81' lang='lat' dir='ltr'><strong>cf.</strong></span> <span class='ocrx_word' id='word_1_320' title='bbox 472 1811 601 1842; x_wconf 79' lang='lat' dir='ltr'><strong>Diomed.</strong></span> <span class='ocrx_word' id='word_1_321' title='bbox 618 1814 686 1846; x_wconf 84' lang='grc'><strong>451,</strong></span> <span class='ocrx_word' id='word_1_322' title='bbox 710 1814 830 1841; x_wconf 83' lang='grc'><strong>21-33</strong></span> <span class='ocrx_word' id='word_1_323' title='bbox 853 1816 883 1841; x_wconf 90' lang='lat' dir='ltr'><strong>et</strong></span> <span class='ocrx_word' id='word_1_324' title='bbox 904 1812 1064 1842; x_wconf 76' lang='lat' dir='ltr'><strong>Geminiani</strong></span> <span class='ocrx_word' id='word_1_325' title='bbox 1086 1813 1243 1842; x_wconf 83' lang='lat' dir='ltr'><strong>doctrinam</strong></span> <span class='ocrx_word' id='word_1_326' title='bbox 1264 1814 1340 1850; x_wconf 86' lang='lat' dir='ltr'><strong>apud</strong></span> <span class='ocrx_word' id='word_1_327' title='bbox 1363 1812 1471 1841; x_wconf 84' lang='lat' dir='ltr'><strong>Charis.</strong></span> <span class='ocrx_word' id='word_1_328' title='bbox 1489 1814 1558 1847; x_wconf 85' lang='grc'><strong>265,</strong></span> <span class='ocrx_word' id='word_1_329' title='bbox 1580 1814 1691 1840; x_wconf 85' lang='lat'>2—11.</span> 
     </span>
    </p>

    <p class='ocr_par' dir='ltr' id='par_1_8' title="bbox 214 1860 1946 2143">
     <span class='ocr_line' id='line_1_42' title="bbox 341 1860 1946 1900; baseline 0.001 -12"><span class='ocrx_word' id='word_1_330' title='bbox 341 1860 392 1896; x_wconf 84' lang='lat'><strong>64)</strong></span> <span class='ocrx_word' id='word_1_331' title='bbox 413 1862 533 1889; x_wconf 85' lang='lat' dir='ltr'><strong>eandem</strong></span> <span class='ocrx_word' id='word_1_332' title='bbox 554 1861 726 1890; x_wconf 85' lang='lat' dir='ltr'><strong>sententiam</strong></span> <span class='ocrx_word' id='word_1_333' title='bbox 747 1863 868 1899; x_wconf 90' lang='lat' dir='ltr'><strong>protulit</strong></span> <span class='ocrx_word' id='word_1_334' title='bbox 888 1863 1025 1891; x_wconf 82' lang='lat' dir='ltr'><strong>Schottm.</strong></span> <span class='ocrx_word' id='word_1_335' title='bbox 1045 1864 1063 1891; x_wconf 92' lang='lat'><strong>1.</strong></span> <span class='ocrx_word' id='word_1_336' title='bbox 1080 1864 1098 1892; x_wconf 89' lang='lat' dir='ltr'>L</span> <span class='ocrx_word' id='word_1_337' title='bbox 1120 1873 1148 1900; x_wconf 87' lang='lat' dir='ltr'><strong>p.</strong></span> <span class='ocrx_word' id='word_1_338' title='bbox 1167 1865 1212 1891; x_wconf 82' lang='lat'><strong>14.</strong></span> <span class='ocrx_word' id='word_1_339' title='bbox 1235 1864 1311 1900; x_wconf 87' lang='lat' dir='ltr'><strong>quod</strong></span> <span class='ocrx_word' id='word_1_340' title='bbox 1331 1872 1401 1891; x_wconf 84' lang='lat' dir='ltr'><strong>vero</strong></span> <span class='ocrx_word' id='word_1_341' title='bbox 1416 1862 1480 1891; x_wconf 86' lang='lat' dir='ltr'><strong>Sch.</strong></span> <span class='ocrx_word' id='word_1_342' title='bbox 1503 1872 1537 1890; x_wconf 87' lang='lat' dir='ltr'><strong>ea</strong></span> <span class='ocrx_word' id='word_1_343' title='bbox 1558 1871 1682 1900; x_wconf 89' lang='lat' dir='ltr'><strong>quoque,</strong></span> <span class='ocrx_word' id='word_1_344' title='bbox 1704 1871 1777 1899; x_wconf 83' lang='lat' dir='ltr'><strong>quae</strong></span> <span class='ocrx_word' id='word_1_345' title='bbox 1795 1861 1946 1890; x_wconf 81' lang='lat' dir='ltr'><strong>Charisius</strong></span> 
     </span>
     <span class='ocr_line' id='line_1_43' title="bbox 215 1906 1945 1948; baseline 0.002 -12"><span class='ocrx_word' id='word_1_346' title='bbox 215 1917 244 1945; x_wconf 85' lang='lat' dir='ltr'><strong>p.</strong></span> <span class='ocrx_word' id='word_1_347' title='bbox 260 1910 330 1943; x_wconf 78' lang='lat'><strong>283,</strong></span> <span class='ocrx_word' id='word_1_348' title='bbox 355 1910 504 1944; x_wconf 84' lang='lat'><strong>15—287,</strong></span> <span class='ocrx_word' id='word_1_349' title='bbox 528 1912 564 1938; x_wconf 91' lang='grc'><strong>16</strong></span> <span class='ocrx_word' id='word_1_350' title='bbox 585 1906 630 1938; x_wconf 88' lang='lat' dir='ltr'><strong>‘de</strong></span> <span class='ocrx_word' id='word_1_351' title='bbox 650 1910 793 1939; x_wconf 84' lang='lat' dir='ltr'><strong>schemate</strong></span> <span class='ocrx_word' id='word_1_352' title='bbox 814 1907 954 1940; x_wconf 78' lang='lat' dir='ltr'><strong>dianoeas’</strong></span> <span class='ocrx_word' id='word_1_353' title='bbox 979 1912 1077 1947; x_wconf 88' lang='lat' dir='ltr'><strong>docet,</strong></span> <span class='ocrx_word' id='word_1_354' title='bbox 1098 1911 1262 1940; x_wconf 88' lang='lat' dir='ltr'><strong>Cominiano</strong></span> <span class='ocrx_word' id='word_1_355' title='bbox 1284 1911 1396 1946; x_wconf 84' lang='lat' dir='ltr'><strong>tribuit,</strong></span> <span class='ocrx_word' id='word_1_356' title='bbox 1415 1910 1555 1940; x_wconf 83' lang='lat' dir='ltr'><strong>adsentiri</strong></span> <span class='ocrx_word' id='word_1_357' title='bbox 1576 1920 1634 1939; x_wconf 82' lang='lat' dir='ltr'><strong>nou</strong></span> <span class='ocrx_word' id='word_1_358' title='bbox 1654 1920 1784 1948; x_wconf 86' lang='lat' dir='ltr'><strong>possum,</strong></span> <span class='ocrx_word' id='word_1_359' title='bbox 1805 1920 1865 1939; x_wconf 88' lang='lat' dir='ltr'><strong>non</strong></span> <span class='ocrx_word' id='word_1_360' title='bbox 1886 1914 1945 1939; x_wconf 85' lang='lat' dir='ltr'><strong>tam</strong></span> 
     </span>
     <span class='ocr_line' id='line_1_44' title="bbox 217 1956 1946 2000; baseline 0.002 -13"><span class='ocrx_word' id='word_1_361' title='bbox 217 1958 294 1997; x_wconf 81' lang='lat' dir='ltr'><strong>quod</strong></span> <span class='ocrx_word' id='word_1_362' title='bbox 314 1958 365 1987; x_wconf 83' lang='lat' dir='ltr'><strong>illa</strong></span> <span class='ocrx_word' id='word_1_363' title='bbox 385 1959 462 1997; x_wconf 86' lang='lat' dir='ltr'><strong>apud</strong></span> <span class='ocrx_word' id='word_1_364' title='bbox 475 1959 643 1992; x_wconf 85' lang='lat' dir='ltr'><strong>Diomedem</strong></span> <span class='ocrx_word' id='word_1_365' title='bbox 662 1961 768 1990; x_wconf 74' lang='lat' dir='ltr'><strong>frustra</strong></span> <span class='ocrx_word' id='word_1_366' title='bbox 789 1961 952 2000; x_wconf 83' lang='lat' dir='ltr'><strong>quaerimus</strong></span> <span class='ocrx_word' id='word_1_367' title='bbox 973 1972 1058 2000; x_wconf 85' lang='lat' dir='ltr'><strong>quam</strong></span> <span class='ocrx_word' id='word_1_368' title='bbox 1079 1963 1156 2000; x_wconf 85' lang='lat' dir='ltr'><strong>quod</strong></span> <span class='ocrx_word' id='word_1_369' title='bbox 1177 1962 1226 1991; x_wconf 88' lang='lat' dir='ltr'><strong>Ch.</strong></span> <span class='ocrx_word' id='word_1_370' title='bbox 1248 1972 1277 1999; x_wconf 89' lang='lat' dir='ltr'><strong>p,</strong></span> <span class='ocrx_word' id='word_1_371' title='bbox 1294 1962 1363 1997; x_wconf 80' lang='lat'><strong>279,</strong></span> <span class='ocrx_word' id='word_1_372' title='bbox 1378 1964 1417 1990; x_wconf 80' lang='lat'><strong>24</strong></span> <span class='ocrx_word' id='word_1_373' title='bbox 1438 1961 1576 1999; x_wconf 78' lang='lat' dir='ltr'><strong>legimus:</strong></span> <span class='ocrx_word' id='word_1_374' title='bbox 1595 1956 1657 1990; x_wconf 81' lang='lat' dir='ltr'><strong>‘sed</strong></span> <span class='ocrx_word' id='word_1_375' title='bbox 1670 1970 1735 1990; x_wconf 89' lang='lat' dir='ltr'><strong>cum</strong></span> <span class='ocrx_word' id='word_1_376' title='bbox 1749 1961 1786 1990; x_wconf 87' lang='lat' dir='ltr'><strong>ad</strong></span> <span class='ocrx_word' id='word_1_377' title='bbox 1807 1961 1946 1990; x_wconf 86' lang='lat' dir='ltr'><strong>oratorias</strong></span> 
     </span>
     <span class='ocr_line' id='line_1_45' title="bbox 214 2007 1946 2049; baseline 0.001 -14"><span class='ocrx_word' id='word_1_378' title='bbox 214 2007 338 2035; x_wconf 77' lang='lat' dir='ltr'><strong>virtutes</strong></span> <span class='ocrx_word' id='word_1_379' title='bbox 358 2008 503 2043; x_wconf 79' lang='lat' dir='ltr'><strong>pertineat</strong></span> <span class='ocrx_word' id='word_1_380' title='bbox 522 2009 636 2036; x_wconf 83' lang='lat' dir='ltr'><strong>schema</strong></span> <span class='ocrx_word' id='word_1_381' title='bbox 656 2010 804 2044; x_wconf 83' lang='lat' dir='ltr'><strong>dianoeas,</strong></span> <span class='ocrx_word' id='word_1_382' title='bbox 824 2019 876 2038; x_wconf 86' lang='lat' dir='ltr'><strong>nos</strong></span> <span class='ocrx_word' id='word_1_383' title='bbox 896 2011 932 2038; x_wconf 86' lang='lat' dir='ltr'><strong>de</strong></span> <span class='ocrx_word' id='word_1_384' title='bbox 953 2020 987 2038; x_wconf 88' lang='lat' dir='ltr'><strong>eo</strong></span> <span class='ocrx_word' id='word_1_385' title='bbox 1008 2011 1157 2049; x_wconf 86' lang='lat' dir='ltr'><strong>loquemur</strong></span> <span class='ocrx_word' id='word_1_386' title='bbox 1178 2012 1254 2048; x_wconf 89' lang='lat' dir='ltr'><strong>quod</strong></span> <span class='ocrx_word' id='word_1_387' title='bbox 1274 2012 1388 2038; x_wconf 85' lang='lat' dir='ltr'><strong>schema</strong></span> <span class='ocrx_word' id='word_1_388' title='bbox 1407 2012 1506 2038; x_wconf 80' lang='lat' dir='ltr'><strong>lexeos</strong></span> <span class='ocrx_word' id='word_1_389' title='bbox 1520 2007 1633 2038; x_wconf 81' lang='lat' dir='ltr'><strong>dicitur’</strong></span> <span class='ocrx_word' id='word_1_390' title='bbox 1657 2010 1712 2046; x_wconf 87' lang='lat'><strong>(=</strong></span> <span class='ocrx_word' id='word_1_391' title='bbox 1724 2009 1855 2037; x_wconf 84' lang='lat' dir='ltr'><strong>Diomed.</strong></span> <span class='ocrx_word' id='word_1_392' title='bbox 1875 2012 1946 2043; x_wconf 76' lang='lat'><strong>443,</strong></span> 
     </span>
     <span class='ocr_line' id='line_1_46' title="bbox 220 2056 1946 2096; baseline 0.001 -11"><span class='ocrx_word' id='word_1_393' title='bbox 220 2058 256 2085; x_wconf 81' lang='lat'><strong>12</strong></span> <span class='ocrx_word' id='word_1_394' title='bbox 271 2057 336 2095; x_wconf 88' lang='lat' dir='ltr'><strong>sq.).</strong></span> <span class='ocrx_word' id='word_1_395' title='bbox 385 2065 449 2085; x_wconf 84' lang='lat' dir='ltr'><strong>cum</strong></span> <span class='ocrx_word' id='word_1_396' title='bbox 476 2056 567 2094; x_wconf 82' lang='lat' dir='ltr'><strong>igitur</strong></span> <span class='ocrx_word' id='word_1_397' title='bbox 595 2057 779 2087; x_wconf 79' lang='lat' dir='ltr'><strong>Cominianus</strong></span> <span class='ocrx_word' id='word_1_398' title='bbox 806 2057 869 2096; x_wconf 87' lang='lat' dir='ltr'><strong>ipse</strong></span> <span class='ocrx_word' id='word_1_399' title='bbox 897 2058 974 2088; x_wconf 83' lang='lat' dir='ltr'><strong>dicat</strong></span> <span class='ocrx_word' id='word_1_400' title='bbox 1001 2068 1032 2088; x_wconf 86' lang='lat' dir='ltr'><strong>se</strong></span> <span class='ocrx_word' id='word_1_401' title='bbox 1060 2060 1096 2088; x_wconf 89' lang='lat' dir='ltr'><strong>de</strong></span> <span class='ocrx_word' id='word_1_402' title='bbox 1125 2059 1315 2089; x_wconf 86' lang='lat' dir='ltr'><strong>schematibus</strong></span> <span class='ocrx_word' id='word_1_403' title='bbox 1345 2059 1480 2089; x_wconf 82' lang='lat' dir='ltr'><strong>dianoeas</strong></span> <span class='ocrx_word' id='word_1_404' title='bbox 1509 2068 1569 2088; x_wconf 85' lang='lat' dir='ltr'><strong>non</strong></span> <span class='ocrx_word' id='word_1_405' title='bbox 1589 2058 1751 2088; x_wconf 84' lang='lat' dir='ltr'><strong>locuturum</strong></span> <span class='ocrx_word' id='word_1_406' title='bbox 1773 2067 1851 2093; x_wconf 85' lang='lat' dir='ltr'><strong>esse,</strong></span> <span class='ocrx_word' id='word_1_407' title='bbox 1879 2067 1946 2087; x_wconf 87' lang='lat' dir='ltr'><strong>eum</strong></span> 
     </span>
     <span class='ocr_line' id='line_1_47' title="bbox 215 2107 953 2143; baseline 0.004 -8"><span class='ocrx_word' id='word_1_408' title='bbox 215 2108 313 2136; x_wconf 80' lang='lat' dir='ltr'><strong>tamen</strong></span> <span class='ocrx_word' id='word_1_409' title='bbox 333 2107 369 2135; x_wconf 90' lang='lat' dir='ltr'><strong>de</strong></span> <span class='ocrx_word' id='word_1_410' title='bbox 389 2107 444 2136; x_wconf 85' lang='lat' dir='ltr'><strong>hac</strong></span> <span class='ocrx_word' id='word_1_411' title='bbox 464 2116 497 2136; x_wconf 86' lang='lat' dir='ltr'><strong>re</strong></span> <span class='ocrx_word' id='word_1_412' title='bbox 516 2107 608 2143; x_wconf 78' lang='lat' dir='ltr'><strong>egisse</strong></span> <span class='ocrx_word' id='word_1_413' title='bbox 628 2117 687 2136; x_wconf 89' lang='lat' dir='ltr'><strong>non</strong></span> <span class='ocrx_word' id='word_1_414' title='bbox 707 2109 880 2138; x_wconf 84' lang='lat' dir='ltr'><strong>credendum</strong></span> <span class='ocrx_word' id='word_1_415' title='bbox 901 2111 953 2138; x_wconf 88' lang='lat' dir='ltr'><strong>est.</strong></span> 
     </span>
    </p>

    <p class='ocr_par' dir='ltr' id='par_1_9' title="bbox 211 2155 1944 2342">
     <span class='ocr_line' id='line_1_48' title="bbox 339 2155 1944 2195; baseline 0.001 -12"><span class='ocrx_word' id='word_1_416' title='bbox 339 2155 391 2193; x_wconf 79' lang='grc'><strong>65)</strong></span> <span class='ocrx_word' id='word_1_417' title='bbox 410 2155 592 2184; x_wconf 77' lang='lat' dir='ltr'><strong>Sacerdotem</strong></span> <span class='ocrx_word' id='word_1_418' title='bbox 613 2165 698 2192; x_wconf 81' lang='lat' dir='ltr'><strong>vero,</strong></span> <span class='ocrx_word' id='word_1_419' title='bbox 726 2166 811 2195; x_wconf 86' lang='lat' dir='ltr'><strong>quem</strong></span> <span class='ocrx_word' id='word_1_420' title='bbox 837 2157 982 2186; x_wconf 85' lang='lat' dir='ltr'><strong>interdum</strong></span> <span class='ocrx_word' id='word_1_421' title='bbox 1003 2167 1040 2186; x_wconf 88' lang='lat' dir='ltr'><strong>ex</strong></span> <span class='ocrx_word' id='word_1_422' title='bbox 1061 2158 1184 2187; x_wconf 75' lang='lat' dir='ltr'><strong>Charisii</strong></span> <span class='ocrx_word' id='word_1_423' title='bbox 1205 2161 1321 2187; x_wconf 73' lang='lat' dir='ltr'><strong>auctore</strong></span> <span class='ocrx_word' id='word_1_424' title='bbox 1340 2159 1467 2195; x_wconf 87' lang='lat' dir='ltr'><strong>pendere</strong></span> <span class='ocrx_word' id='word_1_425' title='bbox 1497 2167 1584 2195; x_wconf 82' lang='lat' dir='ltr'><strong>supra</strong></span> <span class='ocrx_word' id='word_1_426' title='bbox 1612 2157 1754 2192; x_wconf 80' lang='lat' dir='ltr'><strong>diximus,</strong></span> <span class='ocrx_word' id='word_1_427' title='bbox 1783 2156 1944 2185; x_wconf 75' lang='lat' dir='ltr'><strong>Geminiani</strong></span> 
     </span>
     <span class='ocr_line' id='line_1_49' title="bbox 212 2198 1944 2244; baseline 0.001 -12"><span class='ocrx_word' id='word_1_428' title='bbox 212 2198 320 2233; x_wconf 73' lang='lat' dir='ltr'><strong>‘artem’</strong></span> <span class='ocrx_word' id='word_1_429' title='bbox 343 2202 506 2242; x_wconf 82' lang='lat' dir='ltr'><strong>inspexisse</strong></span> <span class='ocrx_word' id='word_1_430' title='bbox 526 2204 607 2233; x_wconf 77' lang='lat' dir='ltr'><strong>nulla</strong></span> <span class='ocrx_word' id='word_1_431' title='bbox 626 2208 671 2235; x_wconf 87' lang='lat' dir='ltr'><strong>est</strong></span> <span class='ocrx_word' id='word_1_432' title='bbox 691 2215 791 2242; x_wconf 88' lang='lat' dir='ltr'><strong>causa,</strong></span> <span class='ocrx_word' id='word_1_433' title='bbox 813 2216 864 2235; x_wconf 86' lang='lat' dir='ltr'><strong>cur</strong></span> <span class='ocrx_word' id='word_1_434' title='bbox 883 2216 942 2236; x_wconf 79' lang='lat' dir='ltr'><strong>uon</strong></span> <span class='ocrx_word' id='word_1_435' title='bbox 964 2208 1119 2237; x_wconf 83' lang='lat' dir='ltr'><strong>credamus.</strong></span> <span class='ocrx_word' id='word_1_436' title='bbox 1140 2207 1227 2236; x_wconf 89' lang='lat' dir='ltr'><strong>immo</strong></span> <span class='ocrx_word' id='word_1_437' title='bbox 1247 2215 1316 2237; x_wconf 81' lang='lat' dir='ltr'><strong>vero</strong></span> <span class='ocrx_word' id='word_1_438' title='bbox 1337 2207 1444 2237; x_wconf 87' lang='lat' dir='ltr'><strong>librum</strong></span> <span class='ocrx_word' id='word_1_439' title='bbox 1469 2207 1556 2236; x_wconf 86' lang='lat' dir='ltr'><strong>huius</strong></span> <span class='ocrx_word' id='word_1_440' title='bbox 1584 2206 1762 2244; x_wconf 78' lang='lat' dir='ltr'><strong>grammatici</strong></span> <span class='ocrx_word' id='word_1_441' title='bbox 1791 2206 1818 2234; x_wconf 85' lang='lat' dir='ltr'><strong>ei</strong></span> <span class='ocrx_word' id='word_1_442' title='bbox 1843 2209 1944 2234; x_wconf 85' lang='lat' dir='ltr'><strong>notum</strong></span> 
     </span>
     <span class='ocr_line' id='line_1_50' title="bbox 213 2253 1944 2296; baseline 0 -11"><span class='ocrx_word' id='word_1_443' title='bbox 213 2253 303 2285; x_wconf 72' lang='lat' dir='ltr'><strong>mim</strong></span> <span class='ocrx_word' id='word_1_444' title='bbox 323 2253 454 2284; x_wconf 79' lang='lat' dir='ltr'><strong>firmatur</strong></span> <span class='ocrx_word' id='word_1_445' title='bbox 474 2253 526 2290; x_wconf 87' lang='lat' dir='ltr'><strong>iis,</strong></span> <span class='ocrx_word' id='word_1_446' title='bbox 553 2264 626 2294; x_wconf 84' lang='lat' dir='ltr'><strong>quae</strong></span> <span class='ocrx_word' id='word_1_447' title='bbox 647 2256 684 2285; x_wconf 90' lang='lat' dir='ltr'><strong>de</strong></span> <span class='ocrx_word' id='word_1_448' title='bbox 710 2256 799 2287; x_wconf 85' lang='lat' dir='ltr'><strong>verbo</strong></span> <span class='ocrx_word' id='word_1_449' title='bbox 825 2257 975 2295; x_wconf 86' lang='lat' dir='ltr'><strong>exposuit,</strong></span> <span class='ocrx_word' id='word_1_450' title='bbox 1002 2267 1066 2287; x_wconf 87' lang='lat' dir='ltr'><strong>cum</strong></span> <span class='ocrx_word' id='word_1_451' title='bbox 1086 2257 1129 2287; x_wconf 89' lang='lat' dir='ltr'><strong>ibi</strong></span> <span class='ocrx_word' id='word_1_452' title='bbox 1149 2267 1234 2296; x_wconf 85' lang='lat' dir='ltr'><strong>saepe</strong></span> <span class='ocrx_word' id='word_1_453' title='bbox 1254 2260 1354 2288; x_wconf 80' lang='lat' dir='ltr'><strong>contra</strong></span> <span class='ocrx_word' id='word_1_454' title='bbox 1374 2257 1536 2288; x_wconf 80' lang='lat' dir='ltr'><strong>Comininni</strong></span> <span class='ocrx_word' id='word_1_455' title='bbox 1562 2257 1734 2293; x_wconf 84' lang='lat' dir='ltr'><strong>doctrinam,</strong></span> <span class='ocrx_word' id='word_1_456' title='bbox 1761 2265 1834 2295; x_wconf 84' lang='lat' dir='ltr'><strong>quae</strong></span> <span class='ocrx_word' id='word_1_457' title='bbox 1861 2255 1944 2285; x_wconf 79' lang='lat' dir='ltr'><strong>nobis</strong></span> 
     </span>
     <span class='ocr_line' id='line_1_51' title="bbox 211 2303 704 2342; baseline 0.002 -8"><span class='ocrx_word' id='word_1_458' title='bbox 211 2305 281 2334; x_wconf 63' lang='lat' dir='ltr'><strong>noe</strong></span> <span class='ocrx_word' id='word_1_459' title='bbox 300 2306 346 2334; x_wconf 76' lang='lat' dir='ltr'><strong>est</strong></span> <span class='ocrx_word' id='word_1_460' title='bbox 364 2313 402 2333; x_wconf 88' lang='lat' dir='ltr'><strong>ex</strong></span> <span class='ocrx_word' id='word_1_461' title='bbox 422 2303 566 2340; x_wconf 75' lang='lat' dir='ltr'><strong>Charisia,</strong></span> <span class='ocrx_word' id='word_1_462' title='bbox 587 2307 704 2342; x_wconf 81' lang='lat' dir='ltr'><strong>pugnet.</strong></span> 
     </span>
    </p>
   </div>
  </div>
 </body>
</html>
