2183 2514
970 245 1219 279 „15—

222 351 307 376 ,casu
328 350 456 373 numero
477 341 627 381 singulari
646 341 656 371 i
679 340 727 381 (u)
748 340 854 371 littera
874 340 1023 371 finiuntur
1043 349 1155 379 genere
1176 340 1346 371 masculino
1372 342 1403 371 et
1423 338 1579 370 feminino’
1613 339 1690 379 (vel:
1711 337 1814 371 ‘masa
1837 343 1869 371 et
1890 341 1961 371 fem.

229 397 392 439 genere');>
416 397 529 429 deinde
551 406 643 437 quam
664 389 846 428 brevissime
857 398 906 436 ¹⁴)
928 397 1113 437 explicatur,
1141 397 1294 436 quomodo
1317 406 1353 428 ex
1375 396 1511 428 ablativo
1533 396 1681 436 singulari
1704 396 1843 428 oriantur
1864 398 1962 429 nomi-

230 456 355 488 nativus
375 455 572 487 accusativus
593 454 769 492 vocativus,
797 454 975 493 genetivus,
1004 454 1128 486 dativus
1150 458 1182 486 et
1203 454 1358 486 ablativus
1380 453 1520 493 pluralis.
1563 457 1595 484 et
1616 454 1644 485 si
1665 463 1745 485 nunc
1774 455 1961 495 quaerimus,

230 514 301 545 uter
321 521 512 545 communem
532 512 648 544 fontem
669 511 759 544 nobis
780 514 994 552 repraesentet
1013 512 1227 552 integriorem,
1256 511 1405 552 integrior
1426 514 1529 543 exstat
1549 512 1633 551 apud
1654 512 1837 543 charisium.
1880 523 1961 553 quae

231 571 387 603 sententia
415 570 565 602 evincitur
585 579 646 600 uno
669 572 859 608 argumento.
901 570 933 600 in
954 570 1015 601 illis
1037 570 1133 608 enim,
1162 579 1241 609 quae
1263 569 1430 600 Diomedes
1457 578 1525 600 cum
1548 569 1688 600 Charisio
1710 569 1764 600 l.1.
1787 571 1960 602 communia

230 627 333 667 habet,
354 628 470 660 nullum
493 627 578 659 aliud
598 626 724 658 verbum
746 627 932 658 terminandi
949 627 1081 659 occurrit
1102 627 1162 658 nisi
1182 624 1347 665 ‘finiri’²⁵),
1369 630 1404 658 ut
1419 627 1477 658 hoc
1493 626 1620 658 verbum
1637 627 1807 658 communis
1824 628 1959 659 auctoris

229 686 387 723 proprium
399 684 506 717 {uisse
524 693 651 715 necesse
667 684 718 714 sit.
760 687 854 723 atque
875 693 943 714 cum
959 684 1125 715 Diomedes
1147 684 1178 714 in
1199 684 1246 722 iis,
1270 693 1349 722 quae
1365 684 1524 715 Charisius
1546 683 1566 714 l.
1581 683 1600 714 1.
1622 692 1683 714 non
1704 684 1841 723 praebet,
1864 685 1959 716 semel

229 742 322 773 modo
343 741 471 773 verbum
490 738 636 772 ‘finiendi'
661 741 836 772 adhibuerit
857 741 941 780 (306,
958 742 1025 780 15),
1053 750 1148 780 saepe
1177 750 1249 772 vero
1278 750 1354 772 usus
1384 742 1425 772 sit
1454 741 1549 772 verbo
1570 738 1774 772 ‘terminandi'
1802 742 1886 780 (303,
1901 742 1957 780 33;

229 798 278 829 37.
300 798 370 838 304,
387 800 414 830 7.
436 799 574 837 306,10;
598 798 651 836 183
674 798 722 829 29.
749 798 819 837 307,
839 799 870 836 13
892 797 926 838 5)
954 797 1003 828 vel
1028 795 1180 829 ‘exeundi’
1206 798 1289 838 (306,
1304 797 1338 836 53
1362 798 1396 836 7;
1421 799 1475 837 14;
1499 799 1553 836 17;
1576 798 1624 829 20.
1652 798 1723 837 307,
1737 798 1770 839 5)
1801 798 1851 829 vel
1882 795 1959 830 ‘mit-

229 854 327 886 tendi'
352 856 400 887 vel
420 853 597 894 ‘efferendi’‚
627 855 675 886 vel
698 856 756 887 hac
777 864 839 886 una
860 855 1035 886 differentia
1056 855 1134 886 alter
1155 854 1224 886 fons
1246 855 1408 887 indicatur.
1451 855 1572 887 accedit
1591 855 1674 894 quod
1696 864 1749 893 ea,
1771 865 1851 895 quae
1873 858 1958 895 apud

230 912 403 944 charisium
423 913 442 943 1.
459 912 479 943 1.
502 921 563 943 non
585 915 722 950 exstant,
753 912 876 943 aliunde
897 915 1021 951 sumpta
1043 921 1112 943 esse
1134 912 1226 943 etiam
1247 912 1320 943 inde
1342 915 1486 952 apparet,
1515 912 1598 951 quod
1625 912 1701 944 haec
1730 913 1843 951 partim
1873 914 1958 952 apud

227 969 392 1008 Donatum,
413 969 524 1009 partim
546 970 630 1009 apud
651 969 823 1001 Charisium
845 969 914 1001 aliis
935 969 1011 1001 locis
1033 969 1245 1007 inveniuntur;

312 1027 348 1059 cf.
370 1027 509 1059 Diomed.
524 1028 593 1065 303,
609 1028 732 1059 32—37
820 1035 887 1058 cum
910 1027 1021 1058 Donat.
1037 1027 1106 1065 378,
1122 1027 1212 1058 3—6.

524 1085 593 1123 304,
610 1085 710 1115 1—16
841 1108 858 1123 ‚‚
909 1084 1027 1115 Charis.
1042 1084 1090 1122 20,
1108 1085 1217 1122 7—21,
1234 1086 1248 1114 1
1273 1087 1326 1122 (=
1347 1085 1496 1123 Anonym.
1512 1084 1565 1115 Gr.
1581 1085 1634 1115 lat.
1649 1085 1673 1123 1,
1687 1086 1757 1124 538,
1773 1086 1887 1123 8-18)

524 1142 593 1180 304,
607 1142 761 1181 34-305,
780 1142 798 1173 8
841 1166 858 1180 ,,
964 1166 980 1179 ,,
1039 1142 1088 1179 31,
1105 1142 1223 1172 12-21
1248 1144 1300 1179 (=
1322 1144 1378 1172 An.
1394 1142 1464 1179 547,
1480 1142 1623 1179 19—26).

524 1200 593 1237 305,
608 1199 732 1229 224-24
843 1223 860 1237 ,,
910 1198 1022 1229 Donat.
1037 1198 1107 1236 378,
1123 1198 1253 1228 12—14.

524 1256 594 1294 306,
609 1257 709 1287 5—27
843 1280 859 1294 ,‚
964 1280 981 1294 ,‚
1038 1255 1108 1294 378,
1124 1256 1254 1287 22—30.

523 1313 593 1350 306,
608 1314 683 1343 27—-
690 1313 760 1350 307,
778 1313 797 1344 6
839 1336 855 1351 ,,
907 1312 1024 1343 charis.
1039 1313 1089 1350 47,
1103 1312 1207 1343 3—13
1229 1314 1281 1350 (=
1302 1313 1358 1343 An.
1373 1313 1444 1351 545,
1460 1312 1583 1350 9—22).

523 1370 592 1408 307,
609 1370 730 1401 18—-23
843 1394 860 1408 „
910 1369 1020 1400 Donat.
1036 1369 1106 1408 378,
1121 1369 1274 1407 33-379,
1288 1370 1318 1400 4.

423 1451 440 1466 ,,
522 1428 592 1465 308,
609 1428 688 1458 1-5
835 1451 852 1465 ‚‚
957 1451 975 1465 „
1033 1427 1103 1465 379,
1119 1426 1199 1458 7—9
1210 1428 1267 1465 ²⁶).

227 1483 345 1521 Quibus
367 1484 487 1515 collatis
509 1484 705 1523 Diomedem,
736 1484 880 1523 quoniam
901 1484 993 1515 modo
1014 1492 1083 1515 cum
1106 1484 1227 1514 Donato
1248 1484 1340 1515 modo
1362 1492 1430 1515 cum
1452 1484 1592 1516 Charisio
1614 1485 1662 1524 (et
1683 1486 1843 1524 Anonymo
1865 1486 1955 1526 Bob.)

228 1541 399 1580 conspirat,
429 1550 467 1572 ne
494 1541 572 1572 haec
600 1542 722 1580 quidem
751 1551 789 1572 ex
816 1550 877 1572 uno
892 1541 1003 1579 ¹i'onte,
1031 1541 1088 1571 sed
1112 1550 1148 1571 ex
1170 1541 1290 1571 duobus
1319 1541 1463 1573 hausisse
1485 1544 1535 1572 est
1555 1541 1762 1581 perspicuum.
1805 1552 1878 1583 ergo
1900 1552 1956 1583 per

225 1601 323 1630 totum
346 1601 440 1638 caput
458 1595 506 1630 ‘de
520 1599 656 1630 ablativo
674 1596 831 1638 singulari’
853 1602 978 1630 secutus
1000 1601 1049 1630 est
1069 1601 1132 1630 tres
1155 1601 1306 1637 auctores,
1327 1608 1455 1638 quorum
1476 1600 1650 1631 doctrinam
1672 1600 1703 1631 in
1725 1609 1820 1631 unum
1842 1609 1955 1640 corpus

224 1656 452 1688 contaminavit.

348 1712 446 1751 Satis,
476 1715 567 1752 puto,
595 1713 753 1744 Diomedis
781 1713 931 1745 rationem
959 1712 1146 1752 compilandi
1174 1713 1464 1752 illustravimus27).
1506 1714 1568 1745 iam
1596 1717 1793 1746 transeamus
1823 1716 1863 1746 ad
1886 1725 1955 1747 eam

223 1770 382 1810 Diomedis
405 1771 481 1803 artis
503 1771 723 1810 grammaticae
744 1774 873 1811 partem,
895 1781 987 1811 quam
1009 1781 1104 1811 supra
1125 1772 1168 1811 (p.
1183 1772 1216 1810 9)
1238 1771 1453 1803 indicavimus.

349 1895 399 1931 24)
422 1895 591 1934 plerumque
612 1896 739 1925 ablativo
760 1896 892 1925 absoluto
914 1896 1043 1925 adhibito
1065 1896 1113 1924 vel
1134 1896 1258 1924 secunda
1279 1905 1403 1932 persona
1424 1896 1535 1925 numeri
1558 1897 1725 1933 singularis,
1749 1902 1795 1926 ut:
1817 1898 1954 1927 sublatai

248 1966 255 1973 .
270 1966 277 1973 .
300 1945 432 1982 apposita
452 1954 483 1973 es
503 1966 510 1973 .
527 1967 534 1973 .
550 1967 556 1974 .
577 1946 701 1980 faciunt3
724 1946 834 1974 adiecta
855 1955 872 1973 a
894 1967 901 1974 .
917 1968 925 1975 .
942 1967 949 1974 .
971 1946 1036 1980 ἢθη
1056 1945 1144 1974 facies
1166 1966 1173 1973 .
1188 1967 1195 1973 .
1212 1967 1218 1973 .
1241 1945 1265 1973 si
1287 1945 1401 1973 adicias.

349 1994 401 2030 25)
422 1994 510 2021 semel
532 1995 606 2030 apud
628 1995 721 2022 Diom.
744 1995 826 2031 (305,
842 1996 872 2032 9)
892 1991 1011 2023 ‘fuerint
1031 1990 1208 2029 terminata';
1239 1995 1289 2023 sed
1310 1995 1346 2023 cf.
1369 2003 1430 2033 seq.
1452 1995 1548 2024 adnot.
1571 1998 1601 2024 et
1620 1995 1726 2024 Donat.
1751 1996 1822 2031 378,
1846 1999 1876 2030 5,
1904 2000 1953 2030 11;

227 2045 263 2071 15
270 2053 278 2077 ;
304 2045 353 2077 183
377 2044 424 2071 81.
1406 2056 1413 2063 ³

346 2091 399 2129 26)
420 2092 705 2122 animadvertendum
727 2096 785 2128 est,
808 2094 885 2132 quod
906 2102 1002 2131 neque
1022 2094 1098 2130 apud
1120 2093 1280 2121 charisium
1303 2103 1397 2132 neque
1418 2094 1494 2130 apud
1515 2093 1668 2129 Donatum,
1691 2094 1766 2122 sicut
1786 2095 1861 2131 apud
1883 2094 1952 2123 Dio-

223 2142 343 2177 medem,
375 2151 434 2170 non
463 2144 523 2170 tam
550 2143 670 2171 verbum
699 2138 835 2171 ‘finiendi'
869 2152 955 2181 quam
985 2144 1075 2172 verba
1100 2138 1303 2178 ‘terminandi',
1334 2138 1499 2179 ‘mittendi’,
1530 2139 1686 2179 ‘exeundi'‚
1717 2139 1875 2172 ‘efferendi'
1906 2154 1951 2173 re-

222 2192 380 2230 pariuntur.

349 2240 400 2278 27)
422 2240 468 2270 cui
488 2250 557 2270 vero
579 2241 713 2278 exempla
733 2241 845 2278 prolata
865 2251 924 2270 non
946 2241 1106 2277 sufficiunt,
1134 2241 1192 2270 alia
1212 2246 1334 2279 possunt
1355 2242 1466 2277 offen-i,
1487 2242 1569 2271 velut
1589 2242 1720 2271 Diomed.
1744 2245 1812 2278 310,
1832 2245 1870 2270 30
1886 2252 1950 2281 sqq.

131 2310 135 2314 ·
223 2275 289 2321 noli.
311 2291 419 2320 Charis.
441 2292 498 2318 291
516 2300 579 2328 sqq.
