2183 2514
226 297 343 336 locum,
375 296 543 329 antithesin
572 297 822 337 metathesinque
851 297 958 329 statim
988 300 1062 338 post
1090 306 1259 338 apocopen.
1301 299 1410 329 contra
1437 305 1507 329 cum
1535 297 1629 329 tertio
1658 300 1785 330 auctore
1805 297 1965 359 Diomedis

973 203 1222 238 -22-

228 354 421 393 cognationis
443 354 575 393 quodam
592 354 714 385 vinculo
735 355 930 386 coniunctum
949 363 1019 386 esse
1035 355 1233 386 Sacerdotem
1250 363 1311 385 non
1328 353 1468 393 negabis,
1489 354 1517 385 si
1530 354 1787 386 animadverteris
1801 337 1966 396 utrmque

227 411 415 452 protheseon
436 410 619 451 parallagen
640 420 701 443 non
724 412 815 444 modo
836 412 868 444 in
890 421 1050 445 numerum
1072 412 1346 452 metaplasmorum
1367 411 1534 452 recepisse,
1555 411 1611 444 sed
1626 412 1719 444 etiam
1736 403 1847 444 iisdem
1861 411 1965 445 v'erbis

228 469 409 508 explicasse.
451 477 471 500 a
492 469 642 500 Diomede
671 478 745 501 vero
774 479 835 502 non
864 470 1063 502 Sacerdotem
1091 471 1192 509 ipsum
1222 472 1406 509 usurpatum
1436 478 1508 501 esse
1534 469 1597 501 iam
1626 478 1723 509 supra
1743 479 1773 509 p.
1789 471 1829 501 10
1844 478 1890 509 sq.
1912 478 1964 502 ex-
2023 510 2026 513 .
2085 462 2088 466 ’

227 526 397 566 posuimus.

248 626 421 655 Consentius
443 627 491 654 Gr.
508 626 555 654 lat.
572 626 605 661 V,
623 626 681 654 387
694 636 758 665 sqq.

272 1417 422 1445 Prothesis
447 1420 491 1444 est
511 1416 640 1450 litterae,
670 1416 719 1443 ubi
741 1417 777 1443 ad

232 1469 318 1501 caput
332 1473 391 1492 una
405 1464 502 1492 littera
512 1464 638 1498 additur,
658 1466 691 1491 ut
704 1459 777 1491 ‘eum

232 1514 317 1543 sociis
335 1516 525 1552 gnatoque
539 1509 573 1550 p.’
593 1513 691 1550 (Verg.
703 1515 737 1541 A.
751 1516 776 1548 3,

236 1563 293 1601 12),
316 1563 418 1591 dixit
433 1562 527 1591 enim
543 1557 683 1598 ‘gnato’
704 1572 778 1591 cum

231 1614 360 1641 dicere
397 1612 531 1640 debuit
565 1607 678 1639 ‘nato’
711 1633 717 1639 .
742 1633 747 1639 .
771 1634 777 1639 .

230 1662 316 1691 item
332 1661 523 1699 prothesis
538 1663 590 1689 est
604 1660 779 1699 syllabae:

230 1707 377 1741 ‘tetulit
393 1711 529 1740 senilis
544 1712 571 1739 h.
584 1721 608 1739 a.
621 1708 778 1747 0.m.’,di-

231 1762 289 1789 xit
324 1761 416 1788 enim
448 1756 606 1788 ‘tetulit’
641 1769 705 1796 pro
738 1770 777 1788 eo

232 1811 326 1849 quod
348 1813 404 1839 est
421 1805 549 1839 ‘tulit’.

274 1860 502 1895 Epanthesis
531 1861 587 1887 est
616 1859 778 1887 adiectio

232 1907 382 1937 litterae
408 1907 623 1945 syllabaeve
648 1908 689 1936 ad
713 1917 778 1936 me-

233 1957 329 1986 diam
362 1957 577 1986 dictionem:
612 1957 778 1993 litterae,

232 2009 271 2035 ut
290 2001 508 2044 ‘relliquias
529 2002 578 2034 D.’
602 2006 720 2043 (Verg.
742 2009 778 2034 A.

236 2058 261 2091 1,
278 2056 330 2094 30)
352 2065 416 2093 pro
438 2055 639 2093 reliquias;
661 2055 778 2093 sylla-

230 2106 311 2140 bae,
343 2107 381 2133 ut
409 2104 550 2132 Ennius
580 2104 672 2133 dicit
699 2105 777 2142 ple-

232 2164 381 2193 rumque
399 2154 699 2191 induperatorem
714 2164 777 2191 pro

230 2204 469 2240 imperatore;
505 2205 536 2231 et
565 2205 599 2231 ut
630 2206 675 2232 est
704 2198 777 2231 ‘Ma-

231 2253 318 2281 vortis
333 2253 354 2280 i.
369 2248 407 2280 a.'
425 2252 521 2289 (Verg.
535 2253 575 2280 A.
592 2254 620 2287 8,
636 2252 708 2290 630)
723 2261 780 2290 pro,

220 2301 354 2335 ⁴Marti-⁵¹5
377 2306 406 2329 et
425 2302 525 2339 (Verg.
538 2303 578 2330 A.
593 2305 621 2336 2,
638 2302 698 2338 25).

825 628 956 656 Donatus
976 627 1023 656 Gr.
1039 628 1087 656 lat.
1105 627 1153 662 IV,
1170 629 1238 663 395,
1256 628 1292 655 27
1306 636 1369 666 sqq.

970 718 1013 745 De
1034 718 1228 754 metaplasmo.

867 775 1115 811 Metaplasmus
1130 778 1181 803 est
1202 774 1369 803 transfor-

826 825 931 853 matio
954 825 1117 863 quaedam
1138 824 1224 852 recti
1247 823 1369 852 soluti-

826 884 891 913 que
906 874 1075 903 sermonis
1089 874 1123 902 in
1139 874 1279 903 alteram
1294 882 1369 910 spe-

1482 627 1636 656 Diomedes
1656 636 1685 664 p.
1701 629 1769 663 440,
1786 627 1824 656 27
1838 637 1901 666 sqq.

1558 718 1601 745 De
1623 717 1826 754 metaplasmis.

1462 774 1710 812 Metaplasmus
1724 778 1777 804 est
1790 775 1963 803 transfor-

1421 825 1525 853 matio
1544 825 1706 863 quaedam
1728 824 1817 853 recti
1838 823 1964 853 soluti-

1421 883 1486 912 que
1500 874 1668 903 sermonis
1682 875 1716 903 in
1731 874 1873 903 alteram
1888 883 1963 912 spe-

826 923 910 952 ciem
946 924 1052 951 metri
1089 926 1241 951 ornatum-e
1277 931 1370 951 causa.
1420 923 1504 951 ciem
1533 923 1632 951 metri
1662 928 1712 951 ant
1741 923 1849 951 dee-arie
1878 931 1963 951 cansa

826 973 912 1001 huius
927 973 1036 1009 species
1052 975 1120 1000 sunt
1130 971 1371 1010 quattuordecim:

826 1022 970 1058 prothesis
1012 1022 1227 1059 epenthesis
1268 1030 1370 1057 para-

827 1081 845 1107 g
853 1081 868 1099 o
876 1081 893 1107 g
901 1081 917 1099 e
932 1071 1096 1108 aphaeresis
1107 1079 1232 1108 syncope
1243 1078 1371 1106 apocope

827 1121 929 1149 ectasis
955 1120 1063 1157 systole
1092 1120 1228 1149 diaeresis
1256 1119 1371 1157 episyn-

826 1170 922 1206 aliphe
952 1169 1103 1206 synaliphe
1129 1169 1277 1205 ecthlipsis
1298 1168 1371 1196 anti-

827 1220 918 1248 thesis
938 1218 1111 1248 metathesis.

1417 972 1560 1009 figurata.
1591 972 1677 1001 huius
1692 972 1801 1009 species
1815 974 1883 1001 sunt
1895 972 1964 1000 hae:

1420 1023 1579 1059 prosthesis
1607 1030 1623 1050 e
1628 1032 1647 1059 p
1654 1031 1670 1050 e
1676 1032 1695 1050 n
1701 1022 1740 1050 th
1746 1030 1762 1049 e
1768 1022 1818 1050 sis
1844 1030 1964 1058 prospa-

1419 1072 1541 1108 ralepsrzs
1582 1080 1761 1108 paragoge
1802 1069 1965 1107 aphaeresis

1421 1130 1547 1158 syncope
1574 1129 1702 1157 apocope
1730 1120 1833 1149 ectasis
1857 1119 1965 1157 systole

1421 1170 1557 1198 diaeresis
1585 1170 1736 1207 synaliphe
1764 1168 1964 1207 episynaliphe

1422 1219 1570 1257 ecthlipsis
1606 1218 1758 1248 antithesis
1799 1218 1965 1247 metathesis

1421 1266 1599 1307 (protheseon
1617 1265 1790 1306 parallage).

1464 1317 1505 1344 De
1513 1316 1665 1355 prosthesi.
1689 1315 1843 1343 Prostheffl
1853 1319 1895 1342 est
1904 1316 1966 1352 qui-

1422 1367 1483 1394 dam
1492 1366 1634 1403 generalis
1649 1365 1854 1402 metaplasmus,
1871 1364 1967 1402 quiflt

1418 1424 1471 1452 per
1496 1416 1686 1442 adiectionem.
1731 1415 1780 1441 sed
1805 1414 1966 1449 specialiter

1102 1462 1294 1491 Prothesis
1315 1464 1373 1491 est
1421 1464 1464 1491 sic
1484 1463 1636 1491 dividitur.-
1667 1462 1882 1499 prosthesis
1910 1463 1966 1490 est

829 1512 1016 1550 appositio
1032 1512 1202 1550 quaedam
1218 1512 1258 1540 ad
1273 1512 1371 1549 prin-

829 1562 963 1599 cipium
993 1561 1185 1596 dictionis,
1216 1561 1371 1590 litterae

829 1615 889 1640 aut
904 1612 1084 1648 syllabae,
1101 1614 1141 1639 ut
1154 1606 1290 1646 ‘gnato’
1307 1620 1371 1647 pro

827 1656 949 1696 ‘nato’,
977 1655 1134 1689 ‘tetulit'
1159 1669 1221 1697 pro
1242 1655 1372 1689 ‘tulit’.

1068 1859 1293 1895 Epenthesis
1319 1862 1373 1887 est

828 1907 1015 1945 appositio
1031 1907 1070 1935 ad
1085 1906 1232 1935 mediam
1245 1907 1371 1936 dictio-

829 1968 906 1986 nem
927 1957 1083 1986 litterae
1108 1960 1171 1985 aut
1191 1957 1371 1994 syllabae,

828 2010 868 2035 ut
907 2002 1132 2044 ‘relliquias’
1169 2015 1232 2043 pro
1268 2002 1371 2035 ‘reli-

829 2052 960 2094 quias’,
995 2051 1268 2092 ‘induperator’
1307 2066 1371 2092 pro

827 2100 1075 2142 ‘imperator’.
1118 2105 1192 2133 hanc
1214 2104 1262 2135 alii
1285 2114 1372 2142 epen-

827 2155 932 2190 thesin,
954 2155 1003 2183 alii
1024 2155 1210 2192 parenthesin
1232 2154 1339 2184 dicunt.

1422 1512 1607 1549 adpositio
1623 1511 1794 1551 quaedam
1808 1511 1850 1539 ad
1865 1511 1966 1548 prin·

1423 1561 1559 1599 cipium
1582 1560 1780 1595 dictionis,
1802 1560 1965 1596 litterae,

1424 1616 1455 1638 ut
1470 1607 1603 1638 ‘Turnum
1618 1615 1759 1647 gnatoque
1771 1620 1799 1647 p.
1813 1606 1848 1647 q.’
1864 1610 1963 1647 (Verg.

1423 1661 1463 1688 A.
1484 1662 1535 1695 11,
1559 1660 1627 1697 178)
1647 1668 1700 1698 pro
1721 1663 1805 1693 nato,·
1838 1658 1966 1696 syllabae

1424 1716 1454 1739 ut
1473 1708 1617 1739 ‘concitum
1634 1711 1715 1738 tetuli
1723 1705 1852 1747 gradum'
1873 1710 1963 1746 (trag.

1424 1761 1474 1787 lat.
1495 1762 1552 1787 inc.
1570 1761 1624 1787 ine.
1641 1759 1693 1795 25)
1712 1768 1766 1795 pro
1789 1759 1852 1786 tuli.

1466 1860 1506 1886 De
1537 1859 1686 1894 epenthesi.
1736 1859 1759 1885 E
1768 1867 1786 1895 p
1795 1867 1835 1885 en
1844 1858 1906 1885 the
1914 1857 1966 1885 sis

1423 1911 1479 1937 est
1507 1906 1701 1945 adpositio,
1731 1916 1792 1934 cum
1814 1907 1886 1934 inter·
1903 1906 1965 1943 pri-

1422 1967 1493 1986 mam
1514 1962 1541 1985 el
1559 1958 1680 1985 ultimam
1702 1956 1838 1993 syllabam
1853 1960 1903 1984 aul
1919 1956 1965 1984 lie-

1423 2011 1481 2035 tera
1490 2007 1613 2034 adicitur
1621 2010 1672 2035 aut
1677 2005 1789 2043 syllaba
1795 2016 1805 2033 .·
1819 2005 1924 2039 littera,
1934 2009 1965 2033 ut

1421 2052 1569 2084 ‘hac-casti
1581 2065 1615 2084 m.
1624 2057 1642 2083 ι’.
1653 2055 1801 2091 relligione
1811 2051 1848 2082 n.’
1863 2055 1962 2092 (Ver-g.

1422 2107 1462 2133 A.
1476 2108 1506 2140 3,
1520 2104 1592 2142 409)
1604 2113 1658 2142 pro
1668 2105 1821 2141 religione,-
1840 2103 1961 2141 syllaba,

1423 2159 1453 2183 ut
1467 2150 1614 2183 ‘Mavortis
1628 2155 1647 2183 ι’.
1662 2151 1698 2183 a.’
1716 2154 1768 2191 (A.
1783 2156 1811 2188 8,
1827 2152 1900 2191 63⁰)
1911 2162 1964 2190 pra

1422 2204 1537 2231 Martis.
1566 2203 1645 2231 hunc
1663 2202 1881 2239 metaplasmum
1901 2202 1965 2240 qui·
2009 2212 2013 2214 -

1422 2253 1487 2281 dam
1507 2252 1694 2290 pleonasmou
1715 2251 1871 2289 appellant.
