2183 2514
980 224 1229 259 -23—

365 321 430 352 Iam
451 319 661 359 quaerendum
682 321 745 357 est,
774 318 825 358 qui
846 321 911 350 tres
931 318 976 350 illi
997 318 1157 350 Diomedis
1184 320 1327 351 auctores
1347 317 1469 350 fuerint.
1513 317 1568 349 sed
1598 317 1675 349 haec
1702 317 1842 357 quaestio
1872 317 1970 349 multo

240 377 441 409 diiudicanda
468 376 527 407 erit
553 376 689 414 facilius,
716 375 770 406 ubi
790 376 922 414 primum
942 376 974 407 in
995 376 1155 407 Diomedis
1177 378 1271 415 caput
1292 383 1426 414 sequens
1449 374 1503 414 (de
1525 374 1749 415 schematibus)
1775 374 1970 414 inquisiveri-

240 444 319 476 mus,
340 434 381 466 ad
402 433 484 474 quod
505 433 622 473 statim,
642 432 829 473 interposita
847 429 897 465 ‘de
918 431 1140 473 metaplasmis’
1164 433 1280 472 tabula,
1302 435 1510 465 transeamus.

311 648 456 677 Charisius
477 658 505 685 p.
523 648 589 684 277,
607 650 644 676 24
658 658 720 687 sqq.

381 738 426 766 De
446 738 638 774 metaplasmo.

281 795 481 832 metaplasmus
513 800 554 823 est
585 796 668 823 alth-tio
698 796 782 823 aliter·

239 854 320 882 qnam
350 844 443 873 debuit
462 845 595 882 figurata
624 847 706 873 metri
732 850 783 873 aut

239 894 347 922 decoris
367 903 460 923 causa.

387 993 473 1021 huius
484 993 593 1030 species
607 997 675 1022 sunt
685 994 780 1022 XIIII

237 1042 308 1070 hae:
336 1042 478 1078 prothesis
501 1043 675 1079 parenthesis
698 1052 779 1080 pros-

234 1092 393 1127 paralepsis
404 1092 566 1128 aphaeresis
577 1101 702 1129 syncope
711 1101 779 1129 apo-

237 1149 309 1176 cope
329 1140 432 1169 ectasis
448 1140 555 1177 systole
570 1141 704 1170 diaeresis
718 1142 778 1178 epi-

237 1189 388 1226 synaliphe
424 1187 596 1229 (synaliphe)
631 1191 779 1228 ecthlipsis

237 1237 388 1267 antithesis
408 1239 581 1268 metathesis.

483 1336 637 1364 Prostheszze
658 1342 700 1364 est
719 1339 779 1375 qui—

236 1385 297 1411 dam
306 1385 450 1421 generalis
460 1386 661 1422 metaplasmus,
683 1388 734 1424 qui
736 1387 781 1424 fit

233 1441 286 1469 per·
312 1433 500 1460 adiectionem.
543 1434 593 1461 sed
618 1436 778 1470 specialiter·

235 1481 276 1507 sic
303 1479 453 1508 divellitur.-
484 1482 627 1518 prothesis
648 1485 692 1512 est
713 1493 777 1511 cum

236 1529 345 1566 primae
366 1530 441 1566 parti
462 1531 595 1560 dictionis
617 1535 667 1561 aut
680 1532 776 1561 littera

175 1605 178 1611 Α
235 1578 356 1608 adicitur
380 1582 430 1608 aut
455 1580 579 1618 syllaba:
609 1581 719 1617 littera,
746 1586 777 1610 ut

233 1624 365 1655 ‘Turnum
374 1634 514 1666 gnatoque
526 1639 557 1666 p.
569 1628 605 1667 q.'
622 1631 719 1668 (Verg.
733 1633 772 1659 A.

239 1678 285 1711 11,
309 1676 379 1715 178)
398 1687 451 1715 pro
472 1683 556 1714 nalo‚·
585 1680 713 1717 syllaba,
746 1685 776 1708 ul

233 1723 375 1755 ‘concitam
388 1729 470 1756 tetuli
481 1726 610 1765 gradum'
625 1730 710 1767 (trag.
724 1731 773 1759 lat.

234 1772 359 1804 inc-(inc.
376 1777 428 1813 25)
447 1787 501 1814 pro
524 1780 584 1806 tuli.

386 1875 562 1904 Parentbesis
583 1882 625 1904 est

350 1934 410 1952 cum
432 1926 505 1953 inter·
522 1927 642 1963 primam
663 1931 690 1954 et
710 1927 775 1955 ulli-

235 1984 304 2002 mam
325 1974 462 2011 syllabam
479 1980 528 2003 aut
543 1977 637 2004 littera
653 1977 776 2005 adicitur

234 2027 285 2051 aut
297 2022 407 2060 syllaba
416 2034 425 2051 :
450 2024 555 2058 littera,
580 2029 612 2052 ut
624 2020 686 2053 ‘hac
700 2035 723 2053 c.
740 2035 773 2054 m.

234 2074 254 2101 ι’.
273 2073 420 2110 relligione
435 2070 474 2101 n.’
493 2074 590 2111 (Ver-g.
603 2076 642 2102 A.
659 2077 688 2108 3,
702 2075 775 2112 409)

228 2131 284 2160 pro
312 2123 465 2159 religione;
495 2124 621 2160 syllaba,
652 2129 683 2151 ut
702 2120 773 2152 ‘Ma-

234 2173 321 2200 vertis
338 2173 359 2200 ι’.
376 2169 413 2200 a.’
432 2173 482 2209 (A.
501 2175 529 2207 8,
545 2173 616 2209 630)
630 2183 684 2210 pro
694 2174 775 2202 Mar-

234 2222 286 2254 n's,·
326 2224 361 2249 et
393 2217 670 2258 ‘induperator'
708 2232 774 2259 pro

232 2267 457 2308 imperator’.

862 625 1004 661 Anonym.
1019 619 1063 652 ‘de
1077 624 1129 652 ult.
1144 620 1217 661 syll.’
1232 624 1284 652 Gn·
1295 624 1345 652 lat.

1424 647 1561 676 Sacerdos
1576 646 1624 675 Gr.
1637 647 1685 676 lat.
1701 647 1749 683 VI,
1767 650 1835 682 451,
1853 650 1890 676 24
1903 657 1966 686 sqq.

1001 673 1052 708 IV,
1069 676 1127 701 262
1144 683 1206 712 sqq.

972 739 1015 766 De
1035 739 1235 775 metaplasmis.
1470 738 1515 766 De
1536 738 1728 774 metaplasmis
1749 738 1797 766 vel
1817 738 1925 774 figuris.

1465 796 1664 832 Metaplasmus
1675 795 1721 824 vel
1730 795 1823 831 figura
1832 800 1875 822 est
1882 795 1968 823 dictio

1423 845 1507 872 aliter
1528 846 1677 882 composita
1694 854 1774 882 quam
1794 845 1874 872 debet
1886 846 1970 872 metri

1423 895 1467 921 vel
1485 895 1594 922 decoris
1616 903 1712 922 causa.
1749 894 1835 923 huius
1858 895 1968 931 species

1423 946 1490 971 sunt
1501 943 1648 979 plurimae,
1665 944 1714 971 sed
1729 944 1854 971 maxime
1870 952 1968 971 neces-

1422 992 1513 1020 sariae
1531 993 1601 1021 haez
1622 993 1765 1029 prothesis
1786 994 1966 1029 epenthe-

1423 1042 1472 1069 sis
1492 1050 1677 1078 paragoge
1699 1043 1871 1078 aphaeresis,
1893 1051 1984 1080 quae.

1421 1094 1451 1119 et
1471 1100 1580 1127 encope
1601 1094 1727 1126 vocatur,
1750 1101 1877 1128 syncope
1899 1101 1967 1128 apo-

1422 1149 1491 1176 cope
1508 1141 1659 1169 antithesis
1675 1141 1841 1169 metathesis
1858 1141 1966 1177 systole

1420 1189 1522 1217 ectasis
1533 1189 1667 1218 diaeresis
1677 1190 1877 1227 episynaliphe
1888 1187 1966 1229 (syn-

1420 1236 1529 1277 aliphe)
1550 1239 1710 1275 ecthlipsis,
1729 1239 1894 1276 prothea-eon
1913 1249 1966 1276 pa-

1421 1288 1543 1323 rallage.

1463 1337 1503 1362 De
1515 1336 1648 1373 prothesi.
1681 1336 1828 1365 Prothesis
1845 1341 1887 1364 est
1904 1346 1964 1364 cum

1420 1385 1451 1413 in
1472 1385 1564 1422 prima
1584 1388 1665 1422 parte
1687 1386 1820 1415 dictionis
1846 1390 1896 1415 aut
1916 1386 1964 1415 lit-

1419 1437 1481 1461 tera
1502 1434 1567 1469 plus
1589 1437 1633 1461 est
1647 1437 1698 1462 aut
1714 1434 1837 1470 syllaba:
1858 1436 1963 1469 littera,

1418 1485 1451 1510 ut
1466 1503 1473 1510 .
1488 1504 1495 1510 .
1511 1504 1518 1511 .
1534 1482 1632 1519 (Verg.
1644 1484 1679 1510 A.
1692 1485 1719 1517 6,
1734 1483 1819 1520 116);
1844 1482 1962 1520 syllaba,

1417 1533 1449 1560 ut
1464 1553 1470 1559 .
1483 1553 1489 1559 .
1502 1553 1508 1559 .

1036 1337 1197 1365 Prosthesis
1218 1340 1262 1366 est
1283 1340 1370 1366 meta-

827 1386 952 1423 plasmus
972 1386 1054 1415 verbi
1075 1385 1216 1422 principio
1244 1387 1370 1416 adiciens

826 1435 950 1462 litteram
969 1434 1160 1470 syllabamve:
1182 1435 1315 1468 litteram,
1337 1438 1370 1463 ut

825 1477 972 1520 ‘gnatique
979 1491 1007 1519 p.
1016 1478 1051 1520 q.’
1063 1482 1159 1518 (Verg.
1167 1484 1201 1510 A.
1209 1485 1235 1518 6,
1247 1483 1328 1520 116);
1336 1505 1353 1511 ..
1361 1505 1367 1511 .

823 1532 977 1570 aliquando
992 1531 1129 1568 syllabam
1139 1532 1226 1561 adicit
1239 1542 1298 1561 non
1309 1535 1368 1561 tam

825 1590 925 1610 sensus
951 1589 1036 1609 causa
1059 1589 1144 1619 quam
1165 1581 1263 1617 metri,
1294 1584 1327 1610 ut
1341 1605 1347 1611 .
1361 1604 1367 1610 .

826 1630 922 1667 (Verg.
935 1632 968 1657 A.
982 1631 1009 1663 7,
1022 1632 1090 1658 513.
1108 1633 1153 1665 10,
1165 1631 1232 1658 766.
1255 1631 1366 1659 Terent.

826 1679 915 1708 Andr.
929 1678 981 1714 IV,
999 1680 1024 1714 5,
1043 1679 1100 1717 13).

1479 1631 1605 1666 (Terent.
1621 1631 1709 1658 Andr.
1725 1631 1775 1665 IV,
1793 1634 1818 1665 5,
1839 1632 1896 1667 13).

978 1877 1152 1904 Parentlzesis
1173 1882 1214 1904 est
1459 1879 1499 1905 De
1524 1879 1674 1914 epenthesi.
1720 1879 1893 1914 Epenthesis
1921 1884 1964 1906 ese

825 1927 932 1965 quando
948 1926 1084 1955 inseritur
1097 1926 1242 1955 medietati
1257 1926 1367 1965 syllaba
1416 1936 1477 1954 cum
1504 1927 1536 1955 in
1557 1927 1650 1956 medio
1672 1927 1762 1956 verbo
1790 1931 1840 1957 aut
1866 1927 1963 1956 littera

824 1977 972 2006 litterave:
995 1977 1100 2009 littera,
1125 1981 1156 2003 ut
1174 1971 1236 2004 ‘hae
1253 1986 1278 2004 c.
1293 1986 1329 2004 m.
1342 1978 1362 2005 i.
1417 1977 1545 2012 additur,
1577 1980 1611 2005 ut
1639 1972 1879 2015 ‘relliquias'‚
1911 1982 1962 2006 aut

824 2026 877 2054 rel.
891 2022 928 2054 n.'
945 2025 1043 2062 (Verg.
1052 2026 1092 2053 A.
1105 2028 1132 2058 3,
1145 2025 1234 2062 409),·
1257 2025 1368 2063 syllaba
1416 2026 1535 2063 syllaba,
1560 2031 1590 2053 ut
1609 2022 1749 2054 mavors&

824 2078 857 2104 ut
870 2075 1021 2104 Lucretius
1036 2076 1076 2111 (l,
1090 2074 1141 2111 82)
1156 2096 1162 2103 .
1179 2085 1201 2108 .;
1222 2075 1367 2105 interdum

825 2125 940 2154 diducta
965 2123 1075 2162 syllaba
1099 2124 1233 2152 inmissae
1253 2124 1367 2153 litterae

824 2173 960 2211 syllabam
989 2174 1131 2208 adiciunt,
1162 2178 1195 2202 ut
1219 2169 1366 2203 ‘Mavortis

825 2225 846 2251 ι’.
864 2219 904 2250 a’
930 2223 1029 2260 (Verg.
1051 2225 1086 2250 A.
1111 2225 1142 2257 8,
1166 2222 1239 2260 630)
1260 2225 1290 2251 et
1312 2245 1318 2251 .
1334 2244 1341 2251 .
1358 2244 1365 2251 .

825 2272 923 2310 (Verg.
939 2271 972 2300 G.
993 2274 1016 2308 1,
1037 2272 1113 2310 137).
