2183 2514
1026 195 1251 229 -6-

266 289 401 323 nominis
430 289 643 329 enuntiamus,
673 292 709 321 ut
729 289 822 322 arbor
842 289 924 329 lapis
945 289 1042 321 herba
1062 292 1138 330 toga
1159 292 1191 322 et
1211 290 1262 322 his
1282 290 1405 323 similia.
1446 289 1596 322 vocabulo
1622 289 1767 322 accidunt
1793 289 1904 325 um
1925 298 2008 342 W

267 347 481 387 appellationi.
514 355 649 378 nomen
671 350 776 378 autem
797 346 920 384 dicitur,
942 347 1026 385 quod
1048 355 1296 386 numquamque
1315 355 1381 378 rem
1403 349 1556 378 monstret
1576 354 1613 377 ac
1633 349 1729 385 notet,
1749 346 1840 386 quasi
1860 349 2007 379 notamen
2066 377 2075 386 .

267 404 371 437 media
391 403 514 445 syllaba
534 413 592 444 per
612 412 769 444 syncopen
792 403 962 443 subtracta,
983 403 1033 435 vel
1055 412 1074 436 a
1096 404 1217 436 Graeca
1238 403 1356 444 origine
1376 402 1466 446 παρὰ
1487 402 1524 436 τὸ
1546 393 1655 445 droun.
2160 410 2183 432 Ἀ

74 455 75 458 '
99 465 216 489 he·-
393 463 441 492 17.
474 462 607 500 (Quarto
628 462 720 492 modo
742 461 898 499 profertur
919 462 1112 500 septimus
1134 464 1276 499 casus),
1297 470 1366 493 cum
1382 462 1529 493 Latinum
1543 462 1698 500 eloquium
1712 462 1745 493 in
1759 462 1894 500 quodam
1908 461 2005 492 verbo
2139 450 2141 452 ¹

268 517 389 556 deficit,
416 518 502 549 velut
523 517 555 549 in
576 517 631 549 illo
653 515 744 555 ὄντος
764 515 873 559 οὔσης,
903 513 1002 549 ὄντων
1023 514 1134 550 οὐσῶν.
1177 518 1307 550 dicimus
1329 518 1411 550 enim
1433 518 1479 550 sic
1498 514 1593 550 ‘nullo
1613 517 1724 550 timore
1743 517 1881 550 hostium
1902 519 2009 550 castra

268 573 403 615 inrupit',
423 572 521 607 ‘nulla
542 585 599 616 spe
616 586 677 616 per
691 576 754 607 vim
776 576 942 616 (Anonym.
957 575 1011 607 Gr.
1027 575 1081 607 lat.
1097 576 1120 615 1,
1134 576 1204 615 535,
1218 577 1254 615 33
1274 586 1396 608 rerum:
1419 576 1572 615 Diomed.)
1593 574 1736 615 potiundi
1756 575 1839 607 vallo
1858 574 2007 616 fossaque

268 634 392 665 moenia
420 630 613 671 circumdat’,
644 630 745 664 ‘nullis
774 632 955 664 custodibus
981 633 1152 672 palladium
1174 637 1314 673 ereptum
1337 631 1408 673 est',
1435 630 1538 665 ‘nullis
1559 632 1686 665 insidiis
1703 632 1808 673 palam
1829 633 1931 665 victus
1953 635 2005 665 est

269 689 387 723 hostis’.

140 752 178 775 n·
397 748 442 778 18.
475 747 594 778 Charis.
622 749 676 785 (=
704 748 727 777 Ι.
753 747 926 786 Romanus)
955 747 1030 785 136,
1053 748 1106 779 15:
1142 748 1230 778 Meus
1264 747 1323 778 mei
1354 755 1422 778 meo
1454 755 1555 778 meum
1587 746 1629 778 mi
1656 754 1677 777 a
1703 755 1782 778 meo.
1827 746 2005 780 femininum

267 804 356 838 ‘mea'
376 810 411 837 ut
431 803 568 837 ‘Helena’
589 805 802 843 declinabitur,
823 805 924 844 inquit
944 805 1104 836 Scaurus
1126 805 1202 836 artis
1224 805 1445 841 grammaticae
1466 804 1553 835 libris
1575 804 1733 844 additque,
1754 805 1827 844 quia
1841 805 2004 836 vocativus

269 862 437 903 singularis
466 862 589 902 generis
618 862 779 894 masculini
808 861 924 892 multos
954 861 1144 893 dissidentes
1174 861 1267 892 etiarn
1296 870 1378 893 nunc
1405 864 1547 901 generat,
1577 870 1596 893 o
1617 861 1659 893 mi
1680 845 1721 893 ari
1742 870 1761 893 o
1784 870 1871 894 meus
1900 861 2005 894 facere

270 920 391 952 debeat.

397 977 444 1009 19.
476 976 595 1009 Charis.
618 976 673 1017 (=
689 976 712 1008 I.
729 976 779 1017 R.)
803 976 872 1015 133,
897 978 927 1008 1:
950 976 996 1007 Im
1010 985 1067 1016 pro
1083 985 1161 1008 eum.
1191 985 1262 1008 nam
1283 976 1329 1008 ita
1351 975 1510 1008 Scaurus
1532 976 1563 1008 in
1586 979 1654 1008 arte
1676 977 1878 1016 grammatica
1899 976 2007 1017 dispu-

270 1035 351 1067 tavit
371 1035 515 1074 antiquos
534 1034 576 1065 im
605 1042 683 1074 ques
709 1034 791 1065 hunc
813 1034 944 1065 eundem
965 1033 1147 1074 ‚significare
1174 1042 1342 1065 consuesse
1364 1036 1397 1065 et
1418 1033 1566 1065 declinari
1587 1033 1647 1066 ita:
1679 1034 1707 1066 is
1728 1034 1795 1067 eius
1816 1034 1845 1066 ei
1866 1043 1936 1066 eum
1956 1034 2007 1066 vel

270 1093 321 1131 im,
343 1101 470 1124 numero
491 1092 604 1131 plurali
625 1091 662 1129 is,
684 1094 719 1122 ut
740 1093 789 1122 est
809 1091 932 1122 locutus
954 1091 1108 1122 Pacuvius
1129 1091 1161 1121 in
1182 1091 1289 1122 Medo:
1677 1075 1686 1084 ’

0 1170 15 1193 '.
32 1175 40 1191 3,
819 1157 895 1186 ques
917 1151 992 1179 sunt
1011 1148 1062 1178 is?
1103 1148 1207 1187 Ignoti
1227 1148 1333 1179 nescio
1353 1157 1440 1186 ques.

0 1193 32 1247 {a}
93 1212 132 1236 n·
147 1210 232 1235 uto.
397 1206 447 1237 20.
478 1205 564 1244 Sei-g.
585 1205 665 1244 expl.
686 1205 763 1242 552,
783 1205 839 1236 31:
869 1204 1012 1243 Plerique
1040 1205 1154 1235 docent
1175 1207 1207 1235 et
1228 1204 1425 1235 conexionem
1454 1213 1525 1235 esse
1551 1204 1582 1235 in
1610 1204 1814 1236 declinatione
1835 1205 2008 1272 verborum,
2056 1194 2058 1196 .
2113 1186 2183 1243 Ἢ

0 1253 51 1309 {j
110 1306 113 1309 y
184 1249 194 1264 ς
272 1265 366 1304 'quam
388 1263 530 1296 Donatus
552 1261 640 1295 siluit
658 1261 709 1294 vel
730 1261 903 1294 Scaurus.
1729 1275 1732 1278 >
2048 1265 2051 1267 ’

0 1315 12 1360 ’ᾗ
70 1325 109 1350 n·
123 1324 253 1350 κνακο-
396 1320 447 1351 21.
479 1310 715 1351 Adverbium
737 1321 788 1350 est
808 1318 919 1350 modus
941 1319 987 1350 rei
1005 1319 1149 1350 dictionis
1166 1318 1238 1358 ipsa
1250 1317 1503 1358 pronuntiatione
1518 1317 1674 1357 definitus,
1693 1320 1730 1349 ut
1743 1295 1828 1351 reete
1841 1290 2009 1359 diligenter
2058 1326 2060 1329 ⁴
2139 1329 2150 1345 κ
2163 1315 2183 1350 »ἰι

9 1364 11 1367 v
272 1378 396 1419 optime.
430 1376 611 1410 adverbium
634 1376 748 1409 dicitur
768 1376 850 1416 ideo,
871 1376 1015 1416 quoniam
1038 1377 1078 1408 ad
1093 1376 1178 1409 verbi
1200 1375 1301 1408 tendit
1320 1375 1353 1408 in
1376 1376 1484 1408 eadem
1507 1375 1664 1408 sententia
1684 1376 1954 1418 conspirat'mnem,
1973 1379 2010 1410 ut

271 1439 356 1469 recte
377 1435 499 1474 dixisti,
529 1435 697 1474 diligenter
725 1434 842 1474 fecisti,
873 1434 987 1474 optime
1008 1434 1121 1473 legisti.
1164 1434 1311 1466 adverbio
1332 1434 1410 1466 haec
1430 1433 1537 1466 iuncta
1558 1437 1632 1466 sunt
1652 1434 1831 1467 discrimina
1851 1435 2009 1475 generalia

272 1494 342 1532 tria,
363 1493 464 1524 forma
484 1493 596 1524 modus
616 1491 726 1523 finitio.
768 1491 868 1523 forma
889 1491 1027 1523 continet
1049 1494 1103 1522 aut
1124 1491 1295 1531 simplicem
1318 1493 1372 1522 aut
1393 1492 1610 1530 compositam
1633 1491 1743 1524 modus
1758 1493 1898 1525 continet
1911 1501 2008 1533 quan-

271 1551 405 1590 titatem,
427 1554 462 1583 ut
476 1551 548 1591 plus
563 1550 681 1589 minus;
702 1549 802 1581 finitio
824 1550 961 1581 continet
982 1559 1142 1581 summam.
1184 1549 1331 1581 adverbia
1352 1552 1408 1581 aut
1428 1558 1504 1581 suae
1526 1552 1600 1581 sunt
1620 1550 1784 1589 positionis
1806 1554 1861 1582 aut
1881 1551 1921 1583 ab
1937 1551 2008 1583 aliis

272 1609 415 1649 partibus
438 1608 589 1639 orationis
611 1608 786 1638 trahuntur.
829 1616 886 1646 per
908 1616 941 1638 se
963 1610 1141 1645 nascuntur,
1163 1611 1198 1637 ut
1218 1616 1325 1646 nuper.
1367 1607 1444 1637 haec
1465 1615 1545 1646 quae
1567 1607 1606 1638 ab
1628 1607 1698 1638 aliis
1719 1610 1884 1639 transeunt
1904 1609 2008 1639 varias
2023 1598 2047 1624 “·

271 1666 389 1698 habent
408 1665 533 1698 formas.
577 1674 596 1697 a
616 1665 742 1697 nomine
763 1664 889 1704 proprio
911 1664 1079 1703 ducuntur,
1101 1667 1136 1695 ut
1157 1664 1277 1695 Tullius
1299 1664 1452 1704 Tulliane3
1484 1664 1546 1695 alia
1567 1673 1587 1695 a
1607 1665 1801 1704 pronomine,
1829 1668 1864 1696 ut
1884 1666 2009 1698 meatim

271 1725 401 1763 tuatim;
430 1724 505 1755 item
527 1732 547 1754 a
568 1723 676 1761 verbo,
707 1726 742 1753 ut
764 1722 893 1759 cursim;
923 1722 996 1753 item
1019 1731 1039 1753 a
1059 1723 1182 1753 nomine
1205 1725 1237 1753 et
1257 1722 1365 1760 verbo,
1395 1725 1430 1753 ut
1450 1722 1685 1762 pedetemptim;
1715 1722 1777 1754 alia
1797 1732 1818 1754 a
1837 1723 2009 1764 participio,

274 1784 308 1814 ut
329 1782 495 1822 indulgens
523 1781 738 1821 indulgenter;
768 1780 842 1812 item
865 1788 883 1811 a
906 1781 1027 1811 nomine
1054 1779 1258 1819 appellativo,
1287 1783 1321 1811 ut
1343 1779 1452 1812 docilis
1474 1779 1630 1819 dociliter;
1658 1780 1721 1812 alia
1742 1789 1762 1812 a
1782 1781 1945 1821 vocabulo,
1974 1785 2010 1814 ut

402 1908 446 1935 17.
479 1907 609 1935 Diomed.
630 1906 698 1941 317,
717 1908 771 1934 34:
794 1906 932 1942 septimus
949 1915 1018 1934 vero
1040 1915 1122 1934 casus
1142 1905 1188 1933 his
1210 1905 1471 1942 praepositionibus
1493 1914 1566 1944 quae
1586 1905 1713 1935 ablativo
1734 1906 1811 1934 easui
1832 1907 2011 1936 conveniunt

273 1956 428 1986 subtractis
457 1957 604 1993 profertur
632 1956 726 1985 modis
754 1959 899 1994 quattuor.
951 1955 1043 1999 primo
1065 1972 1105 1976 —
1126 1955 1252 1984 secundo
1274 1971 1315 1976 —
1335 1955 1423 1983 tertio
1443 1970 1484 1975 —
1506 1958 1624 1993 quarto,
1662 1959 1696 1984 ut
1724 1955 1880 1984 Scaurus
1908 1956 2008 1986 retulit

273 2016 338 2036 eum
360 2006 496 2035 Latinum
519 2027 526 2034 .
542 2028 549 2034 .
565 2027 572 2034 .
588 2027 595 2034 .
617 2006 718 2034 hostis.
760 2005 869 2043 ubique
897 2005 974 2033 enim
1004 2005 1100 2033 deficit
1121 2005 1243 2033 Latinus
1270 2014 1376 2039 sermo,
1410 2004 1520 2039 seilicet
1546 2005 1624 2040 ideo,
1653 2005 1789 2043 qnoniam
1811 2006 1866 2034 duo
1887 2006 2008 2035 ablativi
2151 1996 2183 2060 ᾗ

272 2056 434 2085 nominales
455 2058 524 2084 sunt
544 2055 681 2092 copulati.
723 2055 801 2093 quod
823 2054 848 2083 si
869 2064 944 2083 unus
965 2063 1062 2082 eorum
1085 2054 1274 2091 participialis
1296 2054 1346 2089 sit,
1368 2063 1427 2082 nou
1448 2054 1545 2083 deficit
1565 2054 1686 2083 latinus
1706 2063 1813 2090 sermo,
1835 2056 1886 2083 sed
1905 2055 2008 2093 plenus
2170 2050 2172 2053 ⁸

273 2107 331 2141 est,
360 2107 394 2133 nt
415 2113 503 2142 supra
522 2104 645 2133 relatum
667 2107 712 2133 est
731 2100 864 2133 ‘ducente
885 2104 939 2132 dea
960 2103 1073 2141 elapsus
1094 2107 1138 2132 est
1159 2098 1281 2131 Aeneaa'
1303 2105 1333 2131 et
1353 2106 1448 2132 cetera
1468 2111 1542 2142 quae
1563 2103 1687 2132 secundo
1708 2103 1793 2133 modo
1814 2104 2008 2142 exposuimus,

272 2167 316 2181 ε-
336 2155 451 2184 Dosith.
469 2156 538 2190 894,
560 2156 573 2183 l
591 2164 656 2194 sqq.
678 2158 708 2184 et
722 2155 867 2192 Anonym.
888 2153 943 2182 1.1.
967 2155 1033 2189 534,
1053 2156 1092 2182 25
1105 2163 1168 2193 sqq.
1191 2154 1241 2183 sed
1262 2153 1338 2191 apud
1354 2155 1538 2191 Anonymum
1559 2162 1611 2190 pro
1626 2152 1732 2182 Scauro
1753 2143 1850 2191 potius
1870 2155 2010 2192 Asprus

273 2204 371 2246 quarti
397 2204 485 2233 huius
505 2204 582 2232 modi
610 2206 711 2233 auctor
737 2204 838 2260 fertur.
882 2207 913 2232 et
933 2204 1019 2240 Aspri
1046 2212 1151 2232 nomen
1177 2204 1281 2240 probat
1301 2203 1450 2232 Diomedis
1470 2203 1621 2231 immernor
1639 2203 1783 2239 Bergkiua
1802 2204 1891 2233 Beitr.
1912 2213 1938 2233 a.
1958 2203 2008 2233 lat.

272 2253 452 2283 Grammatik
472 2254 497 2289 Ι,
520 2255 565 2282 11.

400 2305 448 2331 20.
480 2302 613 2331 Diomed.
630 2304 699 2338 403,
720 2304 774 2331 20.
796 2301 920 2331 Scaurus
940 2301 982 2331 ita
1003 2301 1118 2345 definit:
1138 2302 1306 2331 adverbium
1327 2322 1335 2330 .
1350 2322 1358 2331 .
1375 2323 1381 2330 .
1397 2323 1404 2331 .
1426 2301 1608 2339 colligantur.
