2183 2514
227 325 230 327 ·
269 331 299 362 p.
314 322 386 360 392,
401 312 531 360 1—-395,
550 322 590 354 10
631 320 669 352 cf.
690 320 808 352 Charis,
822 320 892 360 226,
907 321 1060 360 11-229,
1075 322 1095 353 2
1117 323 1149 352 et
1170 321 1291 352 Dosith.
1312 321 1382 359 418,
1398 320 1552 360 23-422,
1567 322 1595 353 6.

270 389 301 419 p.
314 378 385 418 435,
400 377 552 417 22—436,
566 378 586 409 8
628 377 666 409 cf.
824 378 871 417 16,
885 378 996 411 5—23.

268 447 298 477 p.
312 438 384 475 411,
400 436 551 474 14—-415,
567 437 603 467 11
628 436 664 467 cf.
687 435 807 467 Dosith.
822 437 893 475 414,
910 437 1060 475 16—417‚
1075 437 1125 468 20.

269 503 299 532 p.
313 494 384 531 417,
398 493 531 530 2—418,
546 493 587 523 32
629 492 665 523 cf.
741 516 760 531 „
820 494 891 531 422,
907 494 1039 531 7—424,
1052 494 1081 524 4.

330 550 450 582 Deinde
470 550 649 581 Diomedem
672 550 873 589 complurium
895 551 1164 590 grammaticorum
1188 551 1424 582 commentarios
1452 550 1485 581 in
1507 559 1601 581 unum
1624 550 1713 589 quasi
1734 558 1847 588 corpus
1869 558 1943 581 con-

205 607 301 639 flasse
322 616 431 646 neque,
452 609 487 638 ut
507 606 682 644 Charisius,
703 607 850 646 deinceps
872 616 926 638 eos
949 608 1152 646 exscripsisse
1173 607 1419 639 luculentissime
1439 609 1527 645 patet
1549 616 1586 637 ex
1607 607 1646 638 iis
1668 615 1748 646 quae
1767 615 1798 645 p.
1812 607 1883 643 415,
1900 607 1940 637 12

207 665 319 703 -416,
340 665 377 697 31
401 664 441 695 de
462 663 677 695 coniunctione
705 655 918 703 disputantur,
949 664 1000 696 ubi
1028 668 1153 704 praeter
1182 674 1282 704 pauca
1308 664 1434 696 aliunde
1462 663 1585 695 adscita
1612 664 1779 704 praecipue
1808 664 1939 695 duorum

206 722 367 755 auctorum
389 722 523 762 vestigia
543 723 709 762 perspicua
730 722 866 761 elucent,
888 732 965 762 quos
989 723 1134 762 deinceps
1157 723 1317 755 Charisius
1340 722 1506 761 exscripsit
1527 722 1570 762 (p.
1586 722 1656 761 224,
1671 723 1713 754 24
1728 731 1794 762 sqq.
1817 725 1849 753 et
1869 723 1940 760 225,

205 780 227 811 5
241 780 332 820 sqq).
375 780 457 819 quod
479 780 632 819 quomodo
655 788 689 810 se
710 780 840 817 habeat,
862 789 922 819 quo
943 780 1064 811 facilius
1085 780 1297 819 intellegatur,
1320 779 1550 819 disputationes
1573 779 1731 810 Diomedis
1753 782 1786 810 et
1806 780 1938 810 duorum

206 837 339 869 Charisii
361 839 530 876 auctorum,
552 846 680 877 quorum
702 837 787 877 prior
808 842 856 869 est
878 837 1144 876 Cominianus²⁰)‚
1166 837 1246 869 alter
1267 837 1506 875 Palaemon’1),
1528 846 1717 877 componam.

220 929 375 957 Palaemon
397 929 517 965 (Charis.
535 931 602 963 225,
621 932 636 956 5
649 929 739 967 sqq.):
830 930 983 957 Diomedes
1005 932 1074 964 415,
1092 932 1239 963 12—416,
1258 931 1311 956 31:
1393 928 1578 957 Cominianus
1597 928 1690 965 (Char.
1708 931 1776 963 224,
1794 932 1832 956 24
1846 930 1938 967 sqq.):

841 995 1009 1023 Coniunctio
1040 998 1085 1023 est
1111 1004 1178 1031 pars
1205 995 1342 1022 orationis

798 1043 1010 1071 indeclinabilis
1027 1043 1164 1080 copulans
1182 1052 1341 1071 sermonem

799 1096 828 1120 et
858 1093 1034 1129 coniungens
1062 1093 1122 1121 vim
1153 1096 1182 1120 et
1213 1092 1340 1120 ordinem

798 1142 923 1178 partium
956 1142 1094 1170 orationis
1105 1141 1162 1178 ²⁸).
1206 1151 1271 1169 nam
1304 1142 1340 1169 ob

799 1191 853 1219 hoc
868 1191 973 1219 meruit
988 1200 1101 1225 nomen,
1124 1191 1193 1229 quia
1210 1200 1261 1227 pro
1277 1191 1340 1218 vin-

799 1239 862 1268 culo
877 1240 1073 1277 interponitur
1089 1240 1223 1268 orationi.
1261 1240 1340 1267 laxa-

798 1293 860 1319 tum
879 1289 956 1318 enim
973 1293 1004 1318 et
1023 1289 1157 1318 diffusum
1181 1298 1340 1317 sermonem

798 1349 877 1368 more
891 1343 1009 1368 catenae
1023 1339 1193 1375 interposita
1204 1339 1339 1367 devincit.

205 1388 400 1416 Palaemon
427 1391 544 1416 autem
572 1388 625 1416 ita
653 1388 746 1416 defi-

205 1437 261 1466 nit
275 1435 496 1477 (coniunctio
508 1440 561 1465 est
574 1446 655 1474 pars
671 1447 746 1466 ora-

205 1487 322 1516 tionis
343 1490 539 1515 conectens
560 1487 746 1516 ordinans-

205 1545 274 1574 que
310 1533 618 1576 sententiam)²²).
650 1546 746 1573 ‚con-

204 1585 430 1615 iunctionum
460 1586 633 1624 quaedam
662 1590 748 1614 sunt

204 1635 451 1672 principales,
493 1634 587 1662 aliae
623 1635 747 1663 subse-

205 1686 371 1722 quentes,
388 1683 484 1711 aliae
499 1684 651 1717 mediae,
669 1685 747 1722 qui-

204 1733 269 1761 bus
290 1733 474 1761 utralibet
495 1736 597 1768 parte
616 1733 748 1768 positis

205 1781 283 1810 sine
299 1781 394 1810 vitio
416 1781 652 1818 coniungitur
668 1791 747 1810 ora-

204 1832 263 1860 tio.
306 1831 528 1867 principalis
548 1831 669 1867 igitur
690 1835 748 1860 est

205 1880 414 1909 coniunctio
428 1875 530 1915 rsed’,
551 1880 656 1909 velut
675 1875 746 1908 ‘sed

332 1995 382 2033 20)
405 1995 440 2023 cf.
462 1995 569 2024 Charis.
593 1998 661 2031 224,
685 1998 737 2025 24:
757 1992 811 2024 ‘De
832 1996 1043 2031 coniunctione,
1065 1998 1098 2024 ut
1118 1996 1159 2025 ait
1180 1993 1385 2026 Cominianus.'

797 1388 991 1416 Palaemon
1014 1396 1088 1415 eam
1110 1388 1164 1415 ita
1185 1387 1338 1415 definit:

797 1436 1014 1465 coniunctio
1032 1440 1087 1465 est
1102 1446 1184 1473 pars
1202 1437 1339 1465 oratio-

798 1486 854 1514 nis
875 1489 1075 1514 conectens
1097 1486 1338 1524 ordinansque

798 1535 1020 1564 sententiam.
1044 1535 1339 1563 coniunctionum

798 1585 968 1623 quaedam
990 1589 1078 1613 sunt
1099 1585 1338 1621 principales,

798 1634 892 1662 aliae
927 1635 1210 1672 subsequentes,
1246 1634 1340 1662 aliae

798 1683 946 1717 mediae,
990 1683 1121 1721 quibus
1162 1683 1341 1712 utralibet

798 1735 899 1768 parte
914 1732 1047 1767 positis
1063 1732 1244 1759 sinevitio
1260 1741 1339 1759 con-

797 1781 962 1816 iungitur
984 1781 1110 1810 oratio.
1154 1782 1340 1818 principa-

797 1831 846 1859 lis
867 1835 924 1859 est
945 1831 1158 1859 coniunctio
1179 1827 1280 1866 ‘sed’‚
1302 1835 1341 1860 ut

797 1880 911 1917 (Verg.
928 1882 962 1908 A.
979 1883 1009 1915 6,
1026 1880 1113 1917 531):
1134 1876 1211 1908 ‘sed
1233 1884 1267 1909 te
1288 1903 1294 1909 .
1310 1903 1316 1909 .
1334 1903 1340 1908 .

1390 1438 1560 1467 Coniunctio
1582 1442 1626 1466 est
1647 1447 1713 1476 pars
1731 1439 1870 1468 emtionis
1886 1449 1937 1468 ne-

1390 1489 1471 1516 ctens
1493 1487 1685 1526 ordinansque
1707 1488 1889 1517 sententiam.

333 2045 384 2083 21)
406 2045 441 2074 cf.
463 2045 571 2074 Charis.
595 2048 663 2080 225,
684 2049 715 2075 5:
735 2042 898 2075 ‘Palaemon
919 2046 962 2075 ita
982 2042 1099 2075 definit’.
1128 2047 1204 2084 quod
1222 2047 1403 2074 Palaemonis
1424 2048 1570 2075 doctrinae
1592 2048 1732 2074 nonnulla
1751 2048 1848 2076 addita
1869 2052 1937 2076 sunt

207 2095 348 2129 Pliniana,
371 2094 405 2122 de
425 2095 480 2122 hae
500 2103 532 2121 re
553 2097 653 2122 contra
673 2094 811 2123 Schottm.
833 2103 933 2123 verum
955 2095 1052 2123 docuit
1067 2095 1258 2124 Morawskius
1279 2095 1389 2132 (Herm.
1405 2095 1460 2131 XI,
1475 2096 1556 2133 352),
1579 2096 1653 2124 sicut
1674 2099 1704 2124 et
1725 2096 1799 2125 Keil.
1823 2096 1870 2125 Gr.
1886 2097 1935 2126 lat.

207 2146 247 2182 V,
270 2147 337 2174 334.
380 2144 485 2174 Christ.
511 2143 653 2181 Philolog.
682 2143 803 2180 XVIII,
830 2147 886 2174 120
902 2155 965 2184 sqq.
1008 2146 1168 2174 Brambach
1196 2145 1331 2182 Orthogr.
1360 2156 1388 2183 p.
1405 2148 1455 2174 29.
1498 2146 1567 2174 Birt.
1597 2147 1628 2174 in
1655 2146 1730 2175 Mus.
1752 2147 1845 2175 Bhen.
1868 2157 1895 2175 n.
1912 2158 1934 2176 s.

204 2196 262 2225 voL
278 2198 325 2228 34,
348 2204 376 2229 p.
392 2196 445 2226 253
466 2194 525 2221 alii.

329 2241 382 2279 22)
402 2241 473 2270 haec
494 2240 624 2270 definitio
645 2250 663 2269 a
683 2242 734 2271 Ch.
756 2242 861 2272 omissa
881 2246 933 2279 est,
956 2243 1033 2282 quod
1054 2242 1140 2281 paulo
1161 2244 1228 2271 ante
1249 2242 1331 2280 (224,
1348 2242 1399 2281 24)
1421 2243 1540 2272 eandem
1562 2242 1721 2281 protulerat
1741 2245 1858 2273 auctore
1879 2244 1936 2274 Co-

204 2293 340 2323 miniano.
382 2291 419 2322 cf.
440 2294 469 2321 et
490 2291 609 2330 Dionys.
631 2291 699 2321 Thr.
720 2302 749 2329 p.
766 2295 834 2329 642,
850 2295 888 2322 22
911 2296 941 2323 et
961 2293 1152 2323 Schoemanni
1172 2290 1235 2321 ‘Die
1257 2294 1351 2322 Lehre
1372 2304 1399 2323 v.
1422 2295 1448 2323 d.
1470 2290 1598 2323 Redeth?
1622 2304 1649 2330 p.
1667 2297 1735 2322 212.

327 2341 378 2379 23)
400 2340 436 2369 cf.
457 2340 685 2369 Schoemanuum
706 2341 725 2369 l.
740 2341 759 2369 1.
781 2350 811 2378 p.
828 2344 887 2370 213
909 2345 940 2371 et
960 2342 1063 2372 Christ.
1085 2342 1105 2372 l.
1119 2342 1138 2371 l.
1160 2351 1189 2379 p.
1209 2344 1264 2370 129
1280 2352 1323 2380 sq.

1587 2389 1635 2421 2ss
