2183 2514
372 316 695 357 Prosparalepsis
717 319 790 355 est,
812 325 893 348 cum
914 316 1030 356 aliquid
1052 316 1094 348 ad
1114 316 1312 348 novissimam
1334 318 1453 356 partem
1475 315 1618 347 dictionis
1640 315 1760 346 accedit
1782 313 1943 355 (441,11).

187 398 191 400 -
269 396 275 400 ,
371 373 569 414 Paragoge
590 376 663 414 est,
685 383 766 406 cum
788 374 829 428 ad
843 374 982 406 ultimam
1003 374 1151 414 simplicis
1173 374 1317 405 dictionis
1339 373 1508 405 clausulam
1529 376 1585 405 aut
1599 373 1703 405 littera
1719 373 1899 412 adiungitur
1919 375 1975 403 aut

245 420 368 473 syllaba
388 430 473 472 (441,
488 430 550 472 17)

70 506 85 535 3
136 506 147 533 3
271 514 283 521 ..
371 489 528 521 Ectasis
551 491 614 520 est
635 489 798 529 [extensim
819 498 899 528 quae
912 489 961 530 fit]
973 490 1032 530 ³⁰),
1054 498 1134 520 cum
1155 493 1296 529 correpta
1311 489 1431 528 syllaba
1452 492 1560 520 contra
1576 489 1725 519 rationem
1743 497 1800 527 per
1815 488 1973 519 licentiam

115 557 120 564 s
153 555 155 557 ’
248 546 429 586 producitur
450 545 534 586 (442,
551 547 591 586 1).

195 600 204 624 .‘
372 603 613 637 Protheseon
634 603 842 645 parallage
863 607 936 644 est,
958 613 1037 637 cum
1059 604 1122 636 alia
1143 613 1234 644 quam
1256 613 1335 644 quae
1357 604 1449 636 debet
1469 604 1659 644 praepositio
1680 603 1805 643 ponitur
1825 603 1913 642 (443,
1932 604 1972 643 1).

371 662 533 701 Duplicem
553 662 634 693 hanc
654 661 865 693 definitionum
886 662 1014 693 formam
1036 663 1077 693 ad
1099 662 1177 693 duos
1200 665 1354 701 auctores,
1385 671 1463 701 quos
1485 661 1704 692 contaminavit
1726 661 1906 699 Diomedes,
1928 670 1974 691 re-

208 712 210 714 ’
245 718 405 751 ferendam
426 727 496 751 esse
517 718 607 751 facile
628 719 787 758 concedes,
809 719 836 750 si
857 721 1018 759 praeterea
1039 719 1219 758 attenderis,
1240 719 1322 758 quod
1343 719 1375 750 in
1395 718 1603 758 aphaereseos
1624 718 1827 757 explicatione
1849 718 1974 749 disertis

248 776 351 808 verbis
372 775 468 815 priori
490 776 660 808 definitioni
688 774 884 816 ‘Aphaeresis
906 779 955 807 est
976 786 1074 815 aeque
1095 777 1248 815 generalis
1271 777 1509 815 metaplasmus,
1538 776 1589 814 qui
1610 776 1646 806 fit
1666 784 1723 814 per
1743 776 1974 813 detractionem,

248 832 305 863 sed
327 832 504 871 specialiter
525 831 718 863 observatur'
743 832 842 863 altera
863 832 908 863 sic
928 832 1116 863 adnectitur:
1136 829 1245 863 ‘Item
1268 832 1312 863 de
1334 832 1550 871 aphaeresi.
1582 831 1769 870 Aphaeresis
1785 834 1834 862 est
1849 828 1974 862 ablatio’

248 899 275 923 e.
290 899 318 932 q.
335 899 360 923 s.
382 889 456 931 quid
478 890 559 923 enim
581 890 640 924 sibi
661 890 769 924 volunt
789 891 883 924 verba
907 888 995 923 ‘Item
1017 892 1055 923 de
1076 889 1265 931 aphaeresi',
1294 891 1354 923 nisi
1375 891 1514 923 indicant
1533 890 1650 923 fontem
1671 890 1824 922 alterum?
1851 899 1922 922 nam
1946 890 1973 922 si

245 948 301 978 illa
321 948 424 977 omnia
445 956 482 977 ex
503 956 564 977 uno
585 948 697 978 hausta
718 951 823 978 essent
843 948 943 984 fonte,
976 948 1071 977 verba
1090 945 1156 977 ‘sed
1179 948 1353 985 specialiter
1374 946 1567 977 observatur’
1593 947 1698 976 statim
1721 947 1877 984 exciperet
1899 946 1972 975 defi-

248 1003 326 1036 nitio
346 999 509 1045 ‘specialis'
530 1002 581 1046 (cf.
602 1003 684 1036 infra
703 1013 733 1045 p.
748 1004 788 1036 22
810 1012 835 1036 s.
850 1006 872 1035 t.
892 1003 932 1036 de
952 1003 1132 1046 prosthesi).

369 1063 434 1094 Iam
457 1063 518 1093 duo
538 1063 572 1093 hi
592 1066 733 1094 auctores
756 1063 892 1101 separati
913 1071 1013 1101 neque
1034 1062 1232 1093 contaminati
1254 1062 1342 1092 nobis
1363 1065 1489 1100 praesto
1511 1066 1593 1099 sunt,
1615 1062 1694 1092 alter
1709 1062 1793 1100 apud
1807 1062 1974 1099 Donatum,

246 1119 330 1158 apud
358 1118 530 1150 charisium
559 1118 639 1150 alter
667 1119 718 1159 (cf.
742 1119 846 1160 infra).
888 1127 1071 1159 quamquam
1100 1119 1181 1149 enim
1204 1118 1393 1158 singulorum
1422 1118 1695 1157 metaplasmorum
1724 1118 1910 1159 neminen)
1940 1121 1972 1150 et

247 1177 323 1209 ordo
334 1177 385 1218 Η)
413 1179 506 1217 atque
533 1177 681 1209 nonnulla
709 1177 848 1218 exempla
876 1177 1017 1209 omnibus
1048 1177 1220 1209 communia
1231 1178 1281 1216 ³³)
1310 1186 1366 1209 nos
1397 1177 1436 1208 ad
1458 1186 1551 1208 unum
1579 1177 1719 1216 relegant
1748 1180 1920 1215 auctorem,
1951 1187 1971 1209 a

247 1242 308 1274 quo
329 1236 396 1265 tota
416 1234 494 1265 haec
515 1234 656 1265 doctrina
676 1234 826 1274 principio
847 1234 985 1274 profecta
1000 1235 1118 1272 estu),
1139 1242 1228 1264 nemo
1243 1236 1356 1271 tamen,
1376 1233 1428 1272 qui
1443 1232 1574 1264 Charisii
1589 1233 1762 1273 Donatique
1777 1233 1972 1266 definitiones

373 1344 425 1379 80)
445 1353 504 1371 non
525 1346 642 1371 exstant
661 1344 737 1379 apud
758 1344 866 1371 Charis.
890 1345 926 1371 cf.
947 1344 1032 1370 infra.

370 1391 423 1428 31)
443 1391 658 1430 quatuordeeim
686 1391 864 1429 metaplasmi
892 1391 1002 1429 species
1030 1391 1145 1420 eaedem
1167 1391 1351 1428 proferuntur
1376 1391 1452 1428 apud
1474 1391 1633 1420 Oharisium
1661 1394 1692 1421 et
1717 1392 1793 1429 apud
1816 1391 1969 1428 Donatum,

245 1450 340 1479 neque
360 1441 420 1469 ulla
438 1443 483 1469 est
503 1440 661 1476 diversitas,
683 1441 740 1469 nisi
761 1441 838 1479 quod
854 1442 927 1470 dnae
948 1442 1066 1478 species,
1088 1451 1162 1479 quae
1181 1437 1364 1477 ‘epenthesis’
1384 1444 1415 1469 et
1434 1437 1595 1477 ‘paragoge’
1620 1443 1697 1477 apud
1718 1443 1753 1470 D.
1775 1443 1969 1477 nominantur,

246 1491 323 1526 apud
342 1490 394 1518 Ch.
415 1491 555 1517 vocantur
574 1485 770 1525 ‘parenthesis'
790 1493 821 1518 et
839 1485 1088 1526 ‘prosparalepsis’.
1130 1490 1283 1517 Diomedes
1309 1499 1378 1517 vero
1405 1498 1422 1516 a
1443 1490 1557 1517 Donato
1585 1498 1619 1517 eo
1648 1490 1759 1525 differt,
1789 1492 1866 1529 quod
1894 1492 1971 1519 inter

245 1538 414 1576 epenthesin
436 1540 466 1567 et
486 1546 650 1575 paragogen
671 1538 767 1575 posuit
786 1539 1025 1576 prosparalepsin.

368 1587 419 1624 32)
441 1587 516 1624 apud
538 1587 683 1616 Donatum
705 1591 735 1616 et
755 1588 916 1616 Charisium
937 1588 1014 1616 idem
1036 1588 1204 1617 observatur
1226 1589 1309 1616 ordo:
1340 1587 1463 1624 primum
1492 1588 1668 1617 exhibentur
1695 1591 1754 1617 tres
1783 1589 1970 1626 metaplasmi,

27 1649 30 1653 ¹
50 1634 101 1669 ’ig
246 1637 297 1676 qui
318 1636 393 1665 fiunt
412 1635 572 1664 adiectione
592 1635 706 1664 litterae
727 1636 774 1665 vel
796 1636 936 1674 syllabae,
966 1637 1070 1665 deinde
1091 1637 1225 1665 contrarii
1247 1640 1319 1671 tres,
1350 1637 1398 1674 qui
1421 1636 1495 1665 fiunt
1516 1637 1706 1673 detractione,
1729 1640 1789 1666 tum
1812 1642 1973 1677 sequuntur

62 1684 78 1694 ⁶
96 1685 98 1687 ’
245 1686 308 1715 bini
329 1686 385 1715 sibi
406 1685 556 1721 contrarii,
585 1686 688 1715 ectasis
708 1689 738 1715 et
758 1687 880 1723 systole,
909 1687 1045 1715 diaeresis
1067 1689 1097 1716 et
1117 1686 1330 1725 episynaliphe,
1361 1686 1512 1724 synaliphe
1533 1690 1563 1716 et
1584 1687 1746 1724 ecthlipsis,
1768 1688 1922 1717 antithesis
1942 1692 1972 1718 et

245 1736 420 1765 metathesis.
463 1736 540 1773 quod
559 1739 655 1764 autem
676 1736 830 1764 Diomedes
855 1739 964 1765 certum
990 1737 1067 1765 hune
1088 1737 1214 1764 ordinem
1242 1736 1330 1764 semel
1349 1736 1478 1764 turbavit
1497 1736 1606 1772 (posuit
1627 1736 1800 1773 synaliphen
1822 1740 1889 1766 ante
1910 1739 1970 1774 epi-

245 1784 439 1823 synaliphen),
460 1784 523 1812 sine
544 1784 631 1812 dubio
653 1784 715 1813 eius
736 1785 827 1821 ipsius
848 1785 969 1813 debetur
988 1785 1194 1822 neglegentiae,
1217 1784 1290 1813 sicut
1310 1786 1340 1813 et
1352 1784 1384 1812 in
1398 1784 1456 1812 fine
1470 1785 1831 1822 protheseonfparallagen
1851 1787 1969 1815 addidit

244 1834 281 1864 ef.
302 1843 329 1871 p.
349 1836 384 1862 18
406 1835 437 1863 et
457 1836 505 1862 26.

369 1882 421 1921 83)
442 1883 571 1921 quinque
593 1884 725 1921 exempla
745 1893 782 1912 ex
804 1884 925 1920 Vergilii
945 1884 1073 1913 Aeneide
1094 1884 1198 1920 petita;
1226 1884 1261 1912 cf.
1283 1894 1306 1912 s.
1328 1887 1348 1912 t.
1371 1884 1406 1911 de
1426 1884 1575 1920 aphaeresi
1597 1884 1682 1922 (Aen.
1699 1887 1726 1919 6,
1743 1885 1830 1922 620),
1852 1885 1887 1913 de
1909 1887 1970 1922 epi-

244 1932 336 1971 synal.
357 1932 404 1970 (A.
419 1935 447 1967 6,
465 1931 544 1969 803),
566 1933 601 1961 de
623 1933 775 1970 synaliphe
796 1933 844 1970 (A.
861 1935 889 1968 9,
908 1932 945 1969 1),
967 1934 1001 1961 de
1023 1933 1156 1969 ecthlipsi
1177 1933 1223 1969 (A.
1243 1935 1267 1968 1,
1285 1933 1323 1971 3),
1345 1933 1380 1961 de
1402 1933 1553 1962 metathesi
1576 1934 1624 1969 (A.
1642 1935 1688 1968 10,
1705 1933 1786 1970 394).

374 1980 426 2020 34)
446 1981 556 2011 fontem
576 1982 743 2020 primarium
764 1991 922 2021 graecum
943 1982 1032 2012 fuisse
1053 1982 1147 2012 elucet
1167 1992 1205 2011 ex
1225 1982 1356 2012 terminis
1376 1982 1494 2019 graecis.
1524 1983 1630 2022 quibus
1644 1993 1714 2013 vero
1730 1985 1908 2022 temporibus
1921 1986 1970 2016 ille

247 2035 348 2062 auctor
375 2032 524 2069 scripserit
551 2032 699 2067 definitur,
728 2034 805 2071 qnod
826 2034 902 2070 apud
922 2034 1093 2071 Dionysium
1115 2033 1252 2061 Thracem
1273 2036 1316 2067 et,
1346 2034 1396 2070 qui
1422 2033 1509 2061 huius
1536 2036 1598 2062 arte
1624 2035 1810 2069 grammatica
1828 2044 1898 2063 usus
1918 2040 1971 2070 est,

187 2090 190 2093 ·
248 2081 408 2110 Varronem
426 2081 462 2109 de
484 2081 675 2117 grammaticis
696 2081 796 2119 figuris
824 2081 899 2111 nihil
925 2081 1082 2120 reperitur,
1112 2081 1213 2110 Verrio
1234 2081 1337 2111 Flacco
1366 2084 1462 2110 autem
1487 2081 1559 2111 haec
1585 2081 1717 2111 doctrina
1743 2084 1814 2112 nota
1837 2083 1894 2113 fuit
1920 2084 1968 2122 (cf.

245 2141 333 2170 snpra
345 2131 441 2161 adnot.
453 2130 515 2169 28).
546 2133 577 2161 et
592 2132 807 2168 grammaticum
823 2133 905 2162 illum
921 2143 1061 2169 graecum,
1084 2133 1134 2171 qui
1147 2128 1219 2161 ‘arti’
1235 2133 1394 2161 doctrinam
1410 2133 1446 2160 de
1462 2132 1562 2169 figuris
1583 2133 1730 2168 adnexuit,
1751 2133 1968 2170 Tryphonem

244 2181 335 2210 faune
350 2179 457 2213 conicit
469 2179 670 2235 Kieglingius.
690 2196 731 2202 —
752 2181 803 2210 sed
823 2190 883 2210 non
903 2181 997 2210 solum
1016 2181 1082 2210 fons
1102 2180 1255 2219 primarius
1274 2181 1360 2209 facile
1379 2181 1569 2218 cognoscitur,
1590 2181 1640 2210 sed
1661 2181 1748 2210 etiam
1769 2191 1879 2211 summo
1900 2192 1968 2212 con-

246 2240 333 2272 sensu
352 2221 556 2268 exemplorum
560 2229 724 2261 latinorum
744 2231 887 2270 (Vergil.)
899 2232 1042 2263 indioalm
1061 2232 1169 2262 latinus
1189 2232 1404 2269 grammaticus,
1435 2231 1485 2270 qui
1507 2232 1666 2261 doctrinam
1686 2232 1863 2268 grammatici
1889 2233 1969 2263 illius

194 2279 195 2282 ’
219 2317 221 2319 η
244 2280 341 2321 grand
357 2280 391 2308 in
409 2279 538 2319 linguam
557 2279 677 2308 latinam
697 2281 855 2315 transtulit,
874 2278 1014 2320 mnusque
1034 2277 1108 2309 libro
1130 2280 1340 2317 teehnographi
1360 2280 1444 2309 latini
1465 2280 1510 2308 usi
1530 2282 1606 2309 sunt.
1649 2280 1715 2319 quis
1734 2289 1803 2309 vero
1824 2280 1898 2310 alius
1917 2282 1969 2311 ille
1993 2302 1995 2304 -

138 2359 140 2362 .
216 2346 221 2350 r·
239 2329 445 2391 'tremefiunt
456 2327 564 2364 latinus
577 2328 667 2360 fuisse
682 2332 780 2370 potest
793 2329 851 2361 nisi
868 2330 919 2372 qui
933 2330 1043 2370 primus
1058 2331 1094 2362 ad
1108 2331 1257 2371 exemplar
1270 2325 1358 2362 ‘artis’
1376 2330 1541 2370 Dionysii
1556 2325 1631 2361 Thr.
1647 2333 1738 2362 artem
1753 2332 1970 2369 granu-afim
2008 2351 2011 2354 >
