2183 2514
1005 421 1106 483 Gap.
1135 421 1207 468 111.

362 535 520 567 Diomedis
547 538 642 576 caput
667 533 729 568 de
749 534 1034 576 metaplasmis'
1063 537 1106 578 (p.
1121 537 1192 576 440,
1206 537 1245 568 27
1262 538 1342 578 sqq.)
1370 545 1407 568 ex
1435 536 1566 578 diversis
1594 536 1682 569 libris
1709 536 1875 570 conflatum
1902 521 1985 587 8886

234 594 344 627 81811111
362 597 460 634 patet,
481 593 509 625 si
530 593 756 626 examinaveris
777 593 975 627 definitiones
997 595 1107 627 hasce:

361 650 643 690 Metaplasmus
665 654 727 682 est
747 651 1052 685 transformatio
1074 652 1227 692 quaedam
1247 652 1324 683 recti
1346 652 1501 691 solutique
1522 653 1676 684 sermonis
1696 652 1728 684 in
1750 652 1882 685 alteram
1903 660 1974 693 spe-

236 708 316 742 ciem
337 708 426 740 metri
448 709 503 739 aut
524 707 645 740 decoris
667 716 763 740 causa
783 708 978 749 figurata²⁸)
1000 709 1084 749 (440,
1099 709 1139 741 28
1153 709 1224 749 sq.).

362 766 596 797 Prosthesis
619 769 677 797 est
699 766 898 804 adpositio
920 767 1073 805 quaedam
1095 767 1136 797 ad
1157 767 1341 805 principium
1363 766 1508 798 dictionis
1530 766 1615 806 (440,
1629 767 1671 798 33
1685 767 1755 807 sq.).

362 821 606 861 Aphaeresis
634 825 695 853 est
721 821 877 853 ablatio
907 822 947 853 de
968 821 1119 861 principio
1140 822 1284 853 dictionis
1306 822 1462 854 contraria
1487 821 1659 861 prosthesi,
1689 822 1773 863 [cum
1795 824 1849 854 aut
1869 822 1976 855 littera

236 883 417 921 amputatur
437 883 493 912 aut
513 880 636 920 syllaba
657 880 811 922 aufertur]
834 881 919 920 (441,
934 881 975 913 22
992 883 1061 921 sq.).

362 937 535 975 Syncope
557 939 619 966 est
640 937 791 966 ablatio
814 937 853 966 de
874 937 978 966 media
1000 937 1133 966 dictione
1154 937 1310 967 contraria
1331 937 1494 975 epenthesi
1514 938 1598 976 (441,
1612 938 1677 977 27).

362 993 544 1034 Apocope
566 994 625 1026 est
647 992 798 1026 ablatio
822 993 860 1026 de
881 992 942 1025 fine
965 993 1109 1026 dictionis
1130 993 1363 1034 prosparalepsi
1385 993 1434 1026 vel
1454 1002 1614 1036 paragoge
1635 993 1799 1035 contraria,
1821 993 1905 1036 [cum
1919 996 1976 1027 aut

237 1052 344 1083 littera
365 1052 541 1082 detrahitur
562 1055 618 1082 aut
639 1052 773 1091 syllaba]
797 1053 880 1090 (441,
895 1052 960 1091 31).

362 1107 523 1148 Systole
544 1110 604 1139 est
625 1108 827 1147 correptio
849 1108 1005 1139 contraria
1026 1108 1132 1139 ectasi.
1162 1107 1211 1149 [fit
1225 1110 1330 1139 autem
1348 1116 1418 1139 cum
1432 1108 1527 1149 longa
1549 1108 1672 1149 syllaba
1692 1111 1800 1140 contra
1820 1109 1974 1140 rationem

238 1167 405 1207 corripitur
427 1167 531 1206 aliqua
552 1166 741 1198 necessitate
762 1166 907 1207 cogente]
929 1167 1014 1206 (442,
1028 1167 1071 1203 5).

366 1223 571 1255 Diaeresis
595 1226 651 1254 est
673 1223 863 1255 discissio
885 1223 1024 1263 syllabae
1047 1224 1137 1254 unius
1159 1224 1190 1254 in
1213 1224 1291 1255 duas
1313 1223 1432 1255 divisae
1453 1224 1646 1265 (442,11).

365 1281 657 1322 Episynaliphe
680 1284 743 1314 est
764 1281 1054 1322 conglutinatio
1083 1290 1139 1314 seu
1160 1280 1329 1314 contractio
1351 1281 1482 1314 duarum
1503 1281 1692 1322 syllabarum
1712 1282 1744 1315 in
1766 1292 1859 1316 unam
1881 1282 1977 1324 sylla-
2014 1287 2016 1289 ’

240 1338 311 1369 bam
333 1338 417 1369 facta
438 1339 595 1369 contraria
617 1338 781 1377 synaliphe
803 1338 850 1377 (1.:
873 1339 1021 1377 diaeresi)
1043 1339 1129 1378 (442,
1143 1339 1207 1377 20).

364 1395 590 1436 Ecthlipsis
612 1399 673 1428 est
694 1394 858 1428 conlisio
880 1396 1033 1436 quaedam
1049 1394 1182 1428 difficilis
1199 1404 1236 1428 ac
1254 1395 1333 1427 dura
1351 1395 1587 1428 consonantium
1604 1405 1673 1429 cum
1689 1396 1848 1430 vocalibus
1865 1405 1978 1438 aspere

240 1454 491 1485 concurrentium
514 1454 599 1493 (442,
614 1454 678 1493 25).

364 1511 482 1542 Omnes
504 1510 562 1542 has
584 1510 780 1542 definitiones
802 1509 842 1541 ad
863 1518 956 1541 unam
977 1510 1169 1549 eandemque
1189 1508 1320 1541 formam
1341 1509 1442 1541 factas
1464 1518 1535 1542 esse
1555 1518 1616 1542 non
1638 1510 1782 1550 negabis;
1803 1519 1876 1543 nam
1897 1519 1979 1550 quae

240 1568 327 1600 uncis
343 1568 464 1606 inclusi,
486 1576 524 1599 88
545 1567 671 1599 aliunde
693 1567 802 1599 addita
823 1559 895 1598 esse
915 1567 996 1598 infra
1015 1566 1192 1606 apparebit,
1215 1575 1295 1606 quae
1310 1567 1337 1599 si
1352 1567 1504 1606 omiseris,
1525 1567 1638 1607 ubique
1652 1569 1782 1600 eandem
1796 1567 1979 1601 observabis

239 1633 382 1657 normam
404 1624 581 1656 definiendi.

366 1683 432 1715 Iam
454 1683 526 1715 vide
547 1683 623 1715 mihi
644 1682 839 1715 definitiones
860 1683 955 1714 hasce
976 1683 1016 1713 ad
1038 1692 1168 1722 prorsus
1189 1683 1347 1714 diversam
1367 1682 1497 1714 formam
1518 1682 1672 1722 prolatas.

366 1740 613 1779 Epenthesis
641 1743 703 1771 est
732 1740 994 1780 [adpositio]²⁹),
1022 1748 1101 1771 cum
1130 1740 1213 1771 inter
1240 1740 1370 1778 primam
1399 1742 1431 1770 et
1458 1739 1597 1772 ultimam
1626 1740 1777 1779 syllabam
1799 1743 1854 1771 aut
1874 1741 1980 1774 littera

241 1797 379 1830 adicitur
401 1800 456 1829 aut
478 1796 600 1838 syllaba
621 1797 704 1836 (441,
718 1797 762 1837 5).

369 1922 421 1958 28)
443 1931 549 1950 nomen
572 1921 759 1958 metaplasmi,
779 1922 811 1949 in
832 1922 887 1950 1188
909 1921 1121 1957 significatione
1142 1924 1324 1957 usurpatum,
1345 1921 1469 1958 primum
1491 1921 1562 1949 mihi
1584 1922 1708 1951 occurrit
1728 1922 1805 1959 apud
1827 1921 1981 1952 Quintilia-

241 1981 312 2001 num
332 1971 357 2008 1,
375 1973 401 2008 8,
421 1973 472 2001 14:
499 1966 714 2009 ‘Metaplasmos
734 1970 812 2000 enim
833 1973 863 2001 et
884 1970 1100 2000 schematismos
1121 1973 1151 2000 et
1172 1969 1329 2006 schemata,
1359 1972 1392 2000 ut
1413 1970 1490 2007 dixi,
1520 1980 1656 2001 vocamus
1677 1972 1708 2001 et
1727 1970 1841 2000 laudem
1861 1970 1979 2002 virtutis

241 2022 407 2050 necessitati
438 2018 561 2049 damus'.
602 2022 652 2049 sed
678 2022 735 2049 iam
757 2021 860 2049 Verrio
881 2021 984 2049 Flacco
1011 2022 1087 2049 hanc
1115 2020 1354 2057 significationem
1381 2024 1478 2050 notam
1503 2021 1593 2050 fuisse
1614 2021 1711 2051 elucet
1731 2031 1768 2049 ex
1787 2021 1851 2050 his:
1879 2016 1980 2050 'Meta-
2042 2045 2045 2047 .

242 2069 381 2109 plasticos
402 2069 508 2099 dicitnr
528 2069 605 2107 apud
625 2072 727 2107 poetas
747 2068 880 2107 usurpari
900 2069 939 2105 id,
961 2069 1038 2108 quod
1059 2071 1179 2107 propter
1199 2068 1401 2098 necessitatem
1421 2069 1506 2099 metri
1527 2071 1639 2099 mutare
1659 2071 1880 2106 consueverunt,
1902 2059 1981 2109 quod

242 2121 314 2150 118111
341 2121 538 2149 barbarismus
566 2119 673 2149 dicitur
699 2120 732 2148 in
753 2120 848 2149 soluta
869 2120 999 2149 oratione
1020 2116 1248 2149 conseribenda'.
1279 2119 1357 2149 Fest.
1377 2129 1407 2156 p.
1425 2121 1496 2154 15s;
1527 2129 1629 2158 quem
1634 2119 1728 2149 locum
1749 2120 1822 2149 mihi
1841 2119 1984 2150 indicaviss
2044 2140 2049 2143 -

190 2203 192 2206 Ι
242 2168 446 2206 Kiesslingins.
467 2183 509 2189 -
529 2168 606 2206 apud
627 2168 828 2205 grammaticos
848 2168 1036 2207 rhetoresque
1057 2176 1175 2205 graecos
1195 2167 1376 2204 metaplasmi
1397 2164 1483 2204 πάθη
1502 2168 1551 2197 vel
1571 2164 1701 2205 σχήματα
1720 2168 1769 2197 vel
1790 2166 1981 2220 ompumaepol
2036 2211 2039 2214 .

243 2219 440 2305 110ώῖῗῖ
443 2277 503 2297 non
525 2269 622 2297 exstat
648 2268 726 2309 apud
747 2255 921 2297 0111111881.
942 2267 1019 2295 infra
1043 2267 1096 2296 ubi
1116 2267 1278 2302 Diomedis,
1307 2267 1430 2302 Donati,
1459 2267 1581 2296 Charisii
1609 2267 1646 2295 81.
1666 2267 1877 2305 explicationes
1893 2241 1984 2312 com}

243 2327 402 2357 posuimus.
1969 2328 1974 2333 .
